3200 5392
698 762 832 825 204
1417 780 1887 826 nrlscorontm

697 896 1102 982 prehendant
1138 917 1258 961 nos
1295 897 1463 962 mala
1497 897 1946 982 appellationis
1974 896 2261 962 remedio
2288 897 2603 963 hactenus

697 998 953 1078 evitata,
985 1019 1069 1063 ne
1098 1005 1487 1084 potestatem
1509 1021 1706 1084 quam
1727 1000 1799 1064 in
1822 1000 2292 1065 edificationem
2323 1000 2604 1065 ecclesiae
2734 1028 2745 1037 ²

697 1108 764 1167 et
786 1124 921 1166 non
944 1101 1448 1167 destructionem
1468 1103 1818 1186 suscepisse
1842 1102 2228 1181 debueratis,
2251 1103 2470 1167 minus
2500 1123 2602 1166 ca-

695 1205 930 1269 nonice
977 1205 1325 1269 exerceatis
1370 1204 1443 1268 in
1491 1226 1633 1284 nos,
1674 1212 1953 1269 vestram
1997 1205 2409 1269 attendentes
2454 1225 2603 1287 pru-

697 1307 986 1372 dentiam
1016 1313 1263 1371 statuta
1287 1312 1550 1390 patrum
1577 1328 1713 1372 non
1744 1306 2097 1385 observare,
2130 1308 2186 1370 si
2215 1306 2371 1390 quid
2408 1305 2602 1370 habe-

696 1409 783 1474 tis
821 1410 893 1473 in
932 1409 1223 1474 subditos
1261 1408 1652 1474 defensionis
1691 1409 1781 1473 eis
1820 1410 2038 1474 locum
2077 1414 2143 1473 et
2181 1415 2440 1492 tempus
2468 1428 2604 1472 non

699 1511 1067 1591 concedere,
1127 1511 1513 1595 suspendere
1571 1512 1794 1576 statim
1851 1532 1975 1576 nec
2033 1512 2251 1589 citare,
2302 1517 2602 1594 reputare

696 1613 949 1678 notoria
1006 1635 1149 1698 quae
1205 1634 1328 1678 nec
1384 1620 1543 1678 nota
1600 1619 1756 1678 sunt
1813 1634 1936 1678 nec
1986 1614 2261 1679 subnixa
2309 1613 2599 1691 veritate,

695 1714 1019 1778 mandatis
1057 1715 1283 1780 vestris
1321 1714 1393 1778 in
1434 1715 1779 1779 discrimen
1809 1736 2032 1780 eorum
2062 1714 2292 1798 quibus
2322 1713 2601 1777 scribitis

696 1818 977 1881 sarcinas
1007 1839 1231 1900 graves
1261 1818 1611 1901 imponere,
1635 1824 1863 1882 contra
1883 1825 2210 1902 suspectas
2237 1816 2424 1880 nobis
2455 1836 2598 1879 sen-

692 1919 932 1985 tentias
971 1926 1235 1999 vestras,
1276 1920 1577 1985 adversus
1626 1921 1937 1986 mandata
1978 1929 2190 1984 vestra
2233 1920 2451 1984 omnia
2489 1918 2600 1983 do-

693 2022 873 2088 mino
909 2029 1132 2088 nostro
1169 2023 1309 2107 regi
1349 2029 1416 2088 et
1453 2044 1659 2106 regno
1698 2025 1857 2107 ejus,
1889 2023 2077 2088 nobis
2107 2023 2304 2087 etiam
2336 2028 2399 2086 ct
2429 2043 2600 2087 com-

693 2126 905 2193 missis
942 2120 1130 2191 nobis
1170 2127 1450 2191 ecclesiis
1490 2135 1557 2192 et
1594 2127 1913 2210 parochiis
1954 2147 2300 2210 gravamen
2343 2125 2602 2208 aliquod

692 2228 1128 2313 importantia,
1160 2229 1243 2293 ad
1282 2250 1433 2294 eum
1472 2229 1657 2313 cujus
1697 2229 2005 2303 declinari
2042 2229 2270 2312 nequit
2311 2248 2598 2307 examen,

695 2329 1032 2395 dominum
1075 2331 1317 2395 scilicet
1358 2352 1592 2415 papam
1636 2332 2031 2415 appellamus
2075 2336 2142 2395 et
2190 2329 2600 2415 appellationi

691 2434 1046 2497 terminum
1076 2431 1249 2497 diem
1279 2433 1494 2498 obitus
1523 2432 1700 2499 beati
1730 2434 2007 2499 Martini
2035 2433 2510 2498 constituimus.

750 2752 1193 2817 EPISTOLA
1236 2753 2082 2820 CCCOXL11.--wxmnm
2115 2775 2541 2818 Amunnnms

1115 2876 1422 2920 EPIscoPI
1454 2878 1545 2920 AD
1579 2877 2000 2920 GILBERTUM.

700 3001 1012 3066 Waltems
1052 3006 1175 3069 Dei
1210 3008 1428 3089 qratia
1470 3008 1844 3070 Albanensis
1886 3008 2220 3088 episcopus,
2264 3011 2325 3070 et
2371 3006 2602 3069 domini

764 3125 952 3187 papae
1007 3108 1298 3187 vicarius,
1356 3110 1693 3172 venerabili
1751 3115 1811 3172 et
1869 3110 1937 3172 in
1994 3109 2244 3173 Christo
2307 3107 2588 3192 [dilecto]

759 3205 970 3287 fratri
1027 3210 1103 3273 G.
1165 3211 1376 3273 eadem
1426 3212 1646 3294 qratia
1703 3210 2121 3274 Londoniensi
2179 3213 2480 3293 episcope,
2540 3215 2600 3272 et

778 3309 1020 3375 dilectis
1048 3312 1115 3375 in
1146 3312 1389 3377 domino
1405 3313 1587 3394 filiis,
1620 3315 1891 3395 capitulo
1921 3313 2230 3377 hundredi
2261 3315 2336 3376 de
2362 3315 2598 3376 Rache-

756 3412 976 3494 sorde,
1007 3415 1268 3478 salutem
1296 3421 1357 3477 et
1386 3417 1655 3478 omnium
1670 3416 2123 3495 plenitudinem
2144 3416 2535 3497 yaudiorum.

759 3554 1092 3626 'Vnnmns
1140 3562 1223 3626 ad
1270 3564 1635 3645 apostolicae
1685 3564 1851 3628 sedis
1888 3565 2308 3629 *clementiam
2358 3564 2593 3627 Petrus

689 3661 1117 3727 subdiaconus
1164 3665 1330 3729 lator
1378 3667 1815 3749 praesentium,
1863 3688 2078 3731 coram
2124 3667 2384 3730 domino
2430 3688 2597 3749 papa

688 3770 755 3829 et
800 3764 988 3829 nobis
1034 3765 1266 3829 humili
1313 3773 1379 3831 et
1424 3769 1805 3834 lacrimabili
1850 3770 2248 3834 confessione
2290 3769 2595 3847 narravit,

688 3889 776 3944 se,
808 3868 1165 3952 instigante
1193 3872 1464 3939 humani
1494 3876 1747 3958 generis
1777 3876 2059 3954 inimico,
2092 3875 2414 3958 quendam
2446 3874 2597 3938 sub-

689 3971 1034 4036 diaconum
1062 3973 1476 4040 interfecisse.
1568 3978 1766 4041 Unde
1804 3998 1923 4041 nos
1965 3978 2044 4041 de
2083 3978 2392 4042 mandato
2423 3999 2594 4041 sum-

687 4075 780 4138 mi
821 4076 1143 4162 pontificis
1182 4099 1333 4142 eum
1370 4079 1628 4145 vinculo
1669 4081 2348 4144 excommunicationis
2394 4103 2433 4144 a
2472 4102 2597 4164 quo

689 4176 1033 4241 tenebatur
1071 4178 1475 4258 absolvimus,
1505 4182 1705 4245 talem
1735 4182 1855 4246 sibi
1886 4183 2337 4266 poenitentiam
2375 4184 2594 4266 injun-

689 4285 935 4361 genteS,
961 4287 1035 4345 ut
1066 4302 1269 4365 usque
1300 4282 1382 4346 ad
1412 4283 1777 4366 quindecim
1809 4306 2014 4349 annos
2044 4292 2342 4369 quartam
2370 4286 2598 4350 feriam

688 4380 760 4442 in
789 4380 934 4445 cibo
963 4384 1514 4467 quadragesimali,
1546 4393 1791 4450 sextam
1822 4388 1895 4451 in
1922 4409 2089 4471 pane
2129 4395 2198 4453 et
2236 4409 2404 4473 aqua
2425 4388 2594 4473 jeju-
