3200 5392
650 866 784 909 A.n.
822 844 1245 926 1161—89.].
1317 837 1652 907 EPIs'froLAE
1684 861 2008 912 QUAEDAM.
2430 840 2555 904 167

666 1195 1107 1259 EPISTULA
1149 1194 2000 1258 CCCCXXII.—·-musnnn
2043 1193 2159 1275 [ur
2192 1191 2522 1273 vmmun]

762 1317 853 1360 An
887 1318 1252 1361 chnnuM
1287 1317 1795 1360 morawa-usam
1828 1315 2439 1360 Ancmnmconmu.

654 1449 1002 1510 Venerabili
1049 1449 1290 1511 domino
1339 1454 1399 1510 et
1447 1448 1645 1509 amico
1692 1466 1800 1508 suo
1844 1443 2135 1522 Ricardo,
2173 1443 2554 1507 Pictaviensi'

731 1552 1181 1628 archidiacone,
1207 1550 1427 1631 frater
1464 1551 1640 1612 oddo
1672 1556 1962 1612 aetemam
2000 1549 2067 1610 in
2103 1550 2346 1612 Christo
2383 1550 2550 1611 salu-

730 1660 868 1716 tem.

729 1804 942 1866 Llcm
974 1802 1247 1885 abjectio
1277 1802 1673 1886 paupertatis
1714 1823 1876 1866 meae
1914 1802 2084 1866 tanti
2122 1802 2241 1865 viri
2279 1798 2550 1865 familia·-

642 1906 834 1969 ritate
865 1905 1141 1989 judicari
1180 1905 1379 1987 possit
1418 1905 1709 1987 indigna,
1754 1906 2036 1988 prudens
2079 1912 2299 1969 tamen
2343 1906 2547 1969 excel-

641 2007 845 2069 lentia
888 2014 1005 2068 tua
1057 2005 1418 2088 spirituales
1466 2006 1721 2069 divitias
1771 2005 2231 2089 temporalibus
2284 2013 2546 2089 antepoa-

644 2130 825 2184 nens,
874 2129 1066 2190 quam
1110 2107 1441 2171 humiliter
1480 2108 1639 2170 mihi
1685 2108 1756 2171 in
1804 2108 2236 2172 familiaritate
2286 2129 2398 2191 per
2445 2130 2546 2171 ca-

641 2210 901 2274 ritatem
960 2219 1025 2273 et
1084 2210 1451 2274 orationum
1511 2210 1782 2292 gratiam
1843 2210 2151 2292 conjungi
2223 2210 2550 2291 postulare

643 2313 909 2394 dignata
946 2313 1049 2390 sit,
1082 2313 1272 2376 credo
1303 2312 1472 2394 quod
1511 2312 1804 2375 nondum
1846 2311 2149 2375 oblivioni
2188 2311 2542 2376 tradiderit.

642 2414 837 2478 Unde
885 2416 1189 2497 quoniam
1240 2415 1429 2498 juxta
1488 2414 1932 2497 dignationem
1981 2415 2332 2478 voluntatis
2390 2423 2542 2493 tuae,

639 2539 754 2600 per
805 2518 1090 2581 caritatis
1149 2517 1269 2580 tibi
1327 2517 1659 2580 vinculum
1706 2524 1951 2594 teneor,
2006 2525 2073 2581 et
2131 2538 2236 2580 me
2294 2516 2417 2580 tibi
2473 2516 2544 2580 in

640 2621 759 2698 his,
809 2640 951 2704 quae
1010 2620 1133 2684 Dei
1193 2627 1366 2698 sunt,
1420 2619 1768 2684 obnoxium
1827 2641 1963 2684 esse
2021 2621 2349 2698 confiteor,
2410 2642 2543 2683 non

639 2723 956 2787 modicam
987 2722 1108 2787 tibi
1137 2722 1458 2800 scribendi
1490 2722 1729 2787 habere
1758 2722 2055 2786 fiduciam
2090 2722 2310 2786 debeo.
2400 2722 2544 2787 Nec

641 2826 695 2887 si
722 2846 838 2907 pro
869 2826 1213 2889 avertendo
1243 2826 1526 2889 ecclesiae
1565 2846 1727 2889 meae
1763 2826 2043 2909 periculo
2082 2824 2204 2888 tibi
2245 2846 2360 2907 per
2398 2826 2540 2889 lite-

638 2944 743 2991 ras
794 2928 1099 3010 supplico,
1150 2928 1342 2991 nimis
1392 2936 1975 3011 praesumptuosum
2021 2928 2335 2992 existimo.
2425 2928 2542 2991 Vi-

640 3031 800 3093 dens
828 3030 1028 3112 igitur
1055 3031 1126 3093 in
1157 3030 1580 3113 appellatione
1615 3031 2075 3113 episcoporum,
2106 3031 2210 3094 cui
2254 3051 2369 3113 per
2403 3031 2540 3113 jus·-

639 3133 817 3196 titias
861 3133 1031 3213 regis
1075 3134 1436 3196 consentire
1480 3134 1942 3216 compellimur,
1983 3141 2297 3198 aeternum
2342 3136 2539 3199 eccle-

641 3239 752 3301 siae
790 3244 1029 3302 nostrae
1065 3238 1402 3301 imminere
1435 3239 1811 3320 periculum,
1843 3245 1909 3302 et
1938 3239 2399 3320 sempiternum
2429 3261 2540 3322 op-

638 3341 989 3425 probrium,
1029 3342 1100 3403 in
1140 3361 1378 3423 magno
1405 3362 1520 3423 pro
1550 3340 1673 3404 hoc
1703 3362 1851 3404 cum
1881 3341 2176 3403 universo
2216 3349 2539 3405 conventu

637 3451 858 3509 nostro
899 3464 1175 3507 moerore
1212 3442 1623 3520 constitutus,
1656 3443 1737 3506 ad
1765 3443 1959 3523 pedes
1988 3443 2244 3525 pietatis
2274 3449 2406 3507 tuae
2434 3464 2541 3508 me

635 3568 897 3630 corpore
937 3553 1004 3610 et
1040 3554 1261 3610 mente
1288 3553 1644 3627 prosterno,
1734 3546 1822 3609 Et
1861 3545 2022 3608 illud
2062 3545 2180 3608 tibi
2221 3547 2539 3628 evangeli-

636 3671 785 3713 cum
837 3667 986 3712 cum
1038 3647 1314 3711 clamore
1361 3645 1573 3709 valido
1622 3652 1687 3710 et
1732 3646 2076 3729 lachrymis
2125 3646 2356 3709 offero:
2405 3646 2540 3710 Do«

635 3752 829 3828 mine,
861 3752 915 3813 si
960 3750 1114 3834 quid
1158 3757 1361 3833 poteS,
1394 3748 1627 3831 adjuva
1669 3770 1805 3812 nos.
1898 3748 2169 3812 Utinam
2207 3749 2330 3812 hoc
2368 3750 2539 3832 quod

635 3851 725 3916 ibi
767 3874 1145 3943 responsum
1189 3862 1308 3931 est,
1340 3859 1407 3915 et
1449 3860 1527 3915 tu
1568 3851 1729 3915 mihi
1772 3851 2191 3934 respondeas:
2243 3852 2311 3914 Si
2355 3860 2540 3935 potes

637 3954 912 4032 credere,
960 3955 1180 4019 omnia
1228 3954 1552 4037 possibilia
1604 3962 1758 4018 sunt
1817 3956 2125 4018 credenti.
2219 3954 2393 4018 Huic
2438 3977 2539 4019 re-

637 4077 869 4138 sponso
898 4057 1118 4120 statim
1148 4055 1510 4121 subinfero:
1556 4057 1786 4135 Credo,
1799 4057 2117 4134 Domine.
2207 4057 2349 4123 Nec
2377 4058 2539 4122 illud

638 4157 867 4240 adjicio
899 4183 914 4222 z
985 4158 1243 4241 Adjuva
1303 4159 1823 4223 incredulitatem
1895 4181 2127 4224 meam.
2247 4162 2537 4225 Perfecte

637 4260 880 4324 etenim
923 4260 1132 4339 cred0,
1163 4267 1229 4324 et
1273 4262 1624 4326 certissime
1668 4262 1817 4341 scio,
1849 4263 2017 4344 quia,
2048 4262 2102 4324 si
2130 4262 2420 4341 volueris,
2452 4262 2536 4326 ab

634 4363 1004 4427 imminenti
1040 4363 1334 4446 periculo·
1359 4371 1509 4428 cum
1549 4365 1729 4429 omni
1765 4365 2073 4429 facilitate
2112 4364 2384 4429 liberare
2417 4386 2536 4428 nos

634 4466 891 4551 poteris.
980 4465 1260 4531 Videtur
1309 4467 1485 4531 enim
1535 4468 1697 4531 mihi
1747 4487 1886 4532 rem
1938 4467 2279 4550 diligenter
2330 4469 2535 4533 consi·-
