3200 5392
33 0 3175 235 —

36 225 165 245 ,“.-.
370 234 393 241 ...-
450 234 503 240 -ἶ
1024 232 1075 241 -ι-
1228 230 1231 231 ’
1426 225 1452 231 ’“
1577 225 1580 228 “
2719 230 2756 243 ..-

1294 292 1303 299 .

561 943 697 986 Aa).
716 924 1131 1021 {ml—89]
1232 942 1716 986 LoNDonnsm
1746 942 2104 986 nr1sToLAE.
2394 926 2471 985 15

560 1067 702 1125 tota
756 1059 1086 1124 tendebat.
1180 1060 1374 1122 Unde
1423 1078 1625 1142 quum
1676 1060 1880 1142 ipsam
1941 1081 2058 1124 sua
2114 1065 2472 1124 revocasset

560 1163 922 1240 infirmitas,
955 1183 1090 1226 non
1120 1161 1469 1226 abscedens
1513 1162 1727 1244 longe,
1760 1183 1893 1226 non
1924 1162 2093 1225 foras
2123 1162 2361 1240 exiens,
2394 1160 2477 1224 ad

560 1265 729 1349 ipsos
759 1266 954 1348 pedes
985 1264 1253 1329 Domini
1282 1271 1501 1329 mente
1530 1264 1852 1328 residebat
1891 1264 2224 1342 attentius,
2256 1271 2322 1328 et
2362 1284 2475 1327 an-

563 1389 683 1432 nos
714 1389 862 1431 suos
892 1368 1251 1450 praeteritos
1280 1367 1351 1430 in
1381 1366 1813 1431 amaritudine
1843 1367 2229 1450 recogitans,
2262 1388 2477 1431 exces-

565 1493 673 1534 sus
712 1471 1018 1555 pristinos
1058 1471 1212 1554 ipsis
1254 1493 1515 1534 suarum
1554 1471 1965 1534 lacrimarum
1996 1471 2258 1535 fluentis
2295 1469 2476 1534 ablu-

564 1575 732 1639 ebat.
824 1575 1023 1638 Nunc
1076 1596 1179 1638 me
1230 1574 1324 1637 rei
1373 1574 1705 1638 familiaris
1750 1574 1908 1639 hinc
1953 1596 2108 1639 cura
2155 1573 2475 1652 distrahit,

565 1677 719 1742 hinc
769 1698 1109 1741 causarum
1159 1676 1543 1740 secularium
1594 1678 1849 1759 pondus
1900 1678 2187 1741 involvit.
2277 1676 2480 1740 Nunc

560 1780 759 1843 timor
810 1780 1133 1862 opprimit,
1187 1800 1366 1842 nunc
1423 1779 1743 1862 protrahit
1801 1800 1964 1863 spes,
2026 1802 2203 1844 nunc
2259 1780 2477 1844 levan't

562 1903 883 1966 prospera,
929 1903 1107 1945 nunc
1151 1882 1415 1946 adversa
1458 1882 1790 1966 dejiciunt,
1821 1890 1898 1946 ut
1930 1884 2188 1966 quantis
2231 1882 2476 1946 miseri-

562 2007 749 2048 arum
806 1985 1083 2048 cumulis
1143 1984 1377 2048 misera
1439 1984 1814 2068 subjiciatur
1870 1985 2262 2062 humanitas,
2321 1983 2477 2068 ipsis

561 2108 745 2170 paene
797 2107 1013 2149 rerum
1068 2087 1467 2168 argumentis
1512 2087 1821 2170 experiar.
1913 2088 2091 2154 Quid
2135 2086 2257 2151 tibi
2301 2107 2476 2169 ergo,

565 2189 996 2267 dilectissima,
1043 2210 1226 2253 meus
1270 2191 1508 2273 poterit
1554 2191 1796 2254 dictare
1833 2193 1972 2274 jam
2016 2191 2300 2274 spiritus,
2332 2211 2476 2272 quae

565 2291 917 2373 puritatem
961 2291 1201 2355 mentis
1241 2291 1586 2369 inhabitas,
1634 2300 1701 2356 et
1746 2293 1998 2375 spiritui
2043 2300 2159 2356 tuo
2203 2291 2478 2355 delicato

564 2393 729 2457 nihil
773 2393 844 2456 in
886 2394 1302 2458 refectionem
1349 2394 1474 2457 nisi
1518 2395 1776 2458 delicias
1824 2394 2185 2477 spirituales
2230 2393 2477 2476 appetis

563 2504 631 2560 et
672 2503 955 2579 exoptas,
1046 2497 1420 2561 Nidificavit
1449 2498 1519 2561 in
1548 2505 1617 2561 te
1646 2498 1945 2562 columba
1972 2497 2084 2560 illa
2114 2518 2254 2579 quae
2284 2516 2475 2578 super

565 2602 896 2666 Christum
926 2603 997 2664 in
1028 2603 1070 2665 J
1073 2602 1312 2667 ordane
1341 2602 1636 2681 volitans,
1669 2603 1878 2686 ipsum
1921 2624 2071 2668 cum
2112 2602 2291 2667 omni
2334 2622 2476 2683 gra-

563 2704 804 2769 tiarum
862 2704 1267 2788 plenitudine
1329 2727 1577 2790 semper
1635 2705 1981 2770 inhabitat.
2070 2706 2159 2769 Et
2217 2705 2297 2768 de
2354 2704 2477 2768 hac

565 2808 826 2891 quidem
871 2808 1279 2891 plenitudine
1329 2816 1646 2892 quantum
1692 2809 1830 2892 ipse
1876 2808 2108 2872 tribuit
2156 2806 2476 2890 accepisti,

564 2917 633 2973 et
660 2911 800 2993 ejus
829 2911 1002 2974 dona
1032 2918 1278 2995 quanto
1308 2919 1530 2993 gustas
1560 2911 1842 2990 uberius,
1875 2920 2060 2976 tanto
2104 2918 2171 2975 et
2214 2910 2478 2974 uberius

564 3013 917 3077 ministrari
967 3013 1089 3077 tibi
1140 3013 1324 3077 avida
1375 3013 1805 3097 spiritualium
1858 3023 2078 3079 mente
2131 3013 2475 3078 desideras.

565 3116 819 3180 Intueri
863 3116 1028 3179 mihi
1065 3116 1285 3180 videor
1323 3124 1507 3180 tuam
1546 3117 1726 3181 illam
1766 3119 2071 3181 animam·'
2091 3118 2164 3181 in
2208 3118 2310 3181 sui
2352 3118 2476 3181 fer-

563 3240 711 3282 vore
747 3218 1030 3301 spiritus,
1060 3218 1185 3281 hoc
1221 3218 1694 3283 declamantem
1725 3228 1790 3284 et
1820 3228 2230 3285 cantantem:
2280 3226 2298 3254 ‘
2322 3220 2474 3283 Ful-

565 3320 691 3384 cite
734 3340 840 3383 me
883 3320 1167 3397 floribus,
1214 3321 1448 3402 stipate
1492 3342 1597 3385 me
1643 3323 1847 3400 malis,
1879 3323 2031 3405 quia
2074 3343 2291 3386 amore
2334 3322 2475 3387 lan·

565 3423 776 3507 gneo?
866 3422 1064 3487 Unde
1092 3422 1255 3486 mihi
1282 3422 1490 3500 floreS,
1523 3423 1869 3502 carissima,
1899 3446 2060 3508 quos
2089 3433 2204 3489 tuo
2235 3424 2475 3488 submi-

565 3528 837 3592 nistrem
882 3525 1152 3609 spiritui,
1181 3533 1259 3589 ut
1280 3583 1284 3587 ⁴
1305 3526 1538 3591 ardens
1581 3526 1728 3609 plus
1773 3527 2180 3605 accendatur,
2223 3534 2289 3590 et
2333 3533 2475 3590 ten·

566 3631 725 3695 dens
775 3630 850 3693 in
900 3650 1179 3713 superna
1228 3629 1473 3693 avidius
1523 3628 1679 3693 illuc
1737 3630 2023 3713 rapiatur
2038 3631 2068 3693 ’ἓ
2147 3629 2240 3693 Hi
2290 3631 2476 3694 flores

565 3733 845 3817 paradisi
903 3740 1076 3811 sunt,
1141 3753 1300 3815 quos
1358 3732 1480 3796 tibi
1541 3734 1747 3798 saneti
1806 3734 2305 3812 communicant,
2366 3735 2477 3817 qui

564 3838 924 3901 nescientes
970 3844 1037 3900 et
1088 3843 1465 3919 respuentes
1513 3859 1658 3920 quae
1703 3839 1933 3902 mundi
1986 3846 2159 3917 sunt,
2212 3847 2476 3903 sacratae

568 3940 1039 4024 quodammodo
1097 3940 1466 4024 paradisum
1526 3942 1761 4005 mentis
1811 3925 2203 4006 inhabitant.
2295 3942 2475 4008 Quos

566 4050 683 4107 tua
722 4065 936 4127 quaeso
974 4064 1161 4126 prece
1203 4044 1372 4106 mihi·
1401 4045 1721 4123 concilies,
1752 4052 1829 4108 ut
1870 4046 1989 4109 sub
2029 4067 2330 4109 curarum
2366 4067 2475 4128 ge-

567 4153 853 4209 mentem
903 4146 1203 4229 pondere,
1233 4146 1517 4229 ipsorum
1549 4169 1654 4210 me
1686 4147 1855 4230 apud
1886 4148 2245 4211 Dominum
2274 4149 2474 4211 inter-

566 4254 765 4311 ventu
795 4247 1085 4312 subleves
1115 4255 1182 4312 et
1213 4256 1555 4312 sustentes.
1633 4250 1714 4312 Id
1745 4250 1920 4314 enim
1948 4251 2274 4315 modicum
2305 4249 2477 4334 quod

565 4349 792 4428 habeo,
845 4350 968 4415 tibi
1026 4350 1106 4415 ab
1170 4351 1598 4415 amicitiarum
1657 4360 2027 4418 nostrarum
2079 4353 2353 4418 exordiis
2404 4352 2477 4416 in

567 4453 871 4547 Dominoa
889 4454 1384 4532 communicare,
1426 4477 1548 4519 nec
1586 4456 1825 4534 destiti,
1868 4478 1988 4521 nec
2028 4457 2279 4521 omitto.
2345 4457 2475 4519 Va-

568 4556 699 4619 lere
727 4563 795 4620 te
824 4557 896 4619 in
927 4556 1198 4620 christo·
1217 4564 1370 4640 opto
1400 4558 1745 4621 carissima.
