3200 5392
746 757 880 824 278
1389 772 1685 818 nannet
1717 772 1776 816 11
1810 772 2009 818 uoxs

747 893 1070 971 alienum3
1116 890 1248 971 sed,
1292 897 1370 957 ut
1416 890 1760 971 credimus,
1805 891 1880 956 in
1929 897 2151 957 mente
2199 897 2413 957 vestra
2462 892 2655 959 debet

745 997 973 1061 florere
1018 1018 1169 1062 cum
1216 995 1443 1080 gratia,
1489 995 1546 1059 si
1589 995 1762 1080 apud
1806 1015 1958 1060 eum
2002 994 2279 1079 gratiam
2322 998 2653 1081 receperit,

744 1119 895 1164 cum
924 1120 1056 1186 quo
1082 1098 1462 1164 familiarius
1501 1105 1568 1163 et
1607 1098 1862 1163 fidelius
1900 1101 2162 1166 honoris
2201 1107 2268 1166 et
2305 1104 2482 1187 pacis
2514 1125 2652 1169 ves-

740 1207 863 1267 trae
890 1202 1092 1286 possit
1120 1201 1285 1266 inire
1314 1201 1792 1267 commercium.
1882 1203 2016 1270 Qui
2053 1204 2229 1269 enim
2259 1206 2503 1271 amicus
2533 1213 2652 1285 est,

744 1304 925 1369 omni
952 1311 1243 1389 tempore
1272 1302 1502 1387 diligit,
1534 1310 1602 1369 et
1632 1303 1917 1370 amicitia
1943 1312 2120 1370 certa
2146 1307 2331 1372 nulla
2357 1307 2440 1387 vi,
2470 1309 2653 1373 nulla

741 1406 1126 1471 necessitate
1154 1405 1537 1471 excluditur.
1630 1407 1962 1491 Rogamus
2000 1429 2155 1493 ergo
2195 1408 2493 1474 dilectam
2532 1431 2648 1476 no-

739 1508 842 1573 bis
897 1509 970 1572 in
1017 1507 1275 1574 Christo
1323 1506 1662 1573 caritatem
1707 1516 1985 1574 vestram
2036 1517 2104 1576 et
2152 1510 2459 1575 benevola
2503 1532 2646 1594 per·

742 1611 1040 1676 suasione
1083 1611 1500 1690 consulimus,
1545 1617 1623 1677 ut
1668 1612 1846 1678 fideli
1892 1619 2103 1680 vestro
2143 1614 2383 1680 nullius
2425 1613 2646 1678 eondi-

736 1714 937 1779 tionis
996 1720 1361 1799 apponatur
1418 1713 1584 1778 dura
1638 1715 2031 1796 neoessitas3
2098 1716 2267 1802 quia,
2329 1715 2495 1782 sicut
2553 1716 2646 1782 ait

743 1817 1033 1897 Ovidius,

952 1921 1149 1986 Lenis
1179 1921 1294 1985 alit
1321 1920 1671 2002 flammam,
1703 1921 2010 2006 grandior
2036 1942 2195 1987 aura
2221 1927 2433 1998 necat,

738 2030 804 2090 et
863 2032 1090 2091 eterna
1147 2023 1483 2110 sapientia,
1529 2045 1675 2108 quae
1726 2024 1994 2109 attingit
2044 2046 2084 2089 a
2130 2026 2263 2090 fine
2312 2043 2516 2108 usque
2562 2023 2644 2089 ad

735 2128 933 2192 finem
963 2126 1238 2205 fortiter,
1262 2126 1544 2191 suaviter
1572 2125 1857 2210 disponit
1886 2126 2106 2192 omnia
2133 2139 2198 2191 et
2226 2147 2378 2194 cum
2405 2148 2646 2210 magna

733 2229 1094 2295 reverentia
1131 2228 1413 2314 disponit
1449 2247 1591 2293 nos.
1683 2230 1864 2294 Bene
1892 2229 2100 2295 valeat
2130 2249 2382 2314 semper
2407 2229 2480 2294 in
2508 2230 2641 2295 Do-

733 2332 914 2396 mino
941 2337 1154 2396 vestra
1181 2330 1535 2397 sinceritas.

818 2714 1262 2781 EPISTOLA
1301 2713 2227 2782 ocochxxl.—nnna1c1
2262 2738 2321 2780 11
2349 2738 2552 2784 ,umus

1129 2836 1404 2882 Ancum
1434 2837 1528 2882 An
1559 2835 1915 2881 nuscoros
1945 2837 2239 2883 ausum.

863 2982 1013 3045 Has
1042 2981 1260 3046 literas
1286 2982 1458 3046 misit
1484 2982 1798 3047 Henn‘cus
1824 3003 1942 3047 rex
1965 2984 2215 3069 Anylioe
2240 2987 2500 3071 singulis

1381 3085 1684 3169 episcopis
1710 3085 1976 3169 Anyliae.

811 3251 1030 3317 Nos-21
1061 3271 1255 3335 quam
1292 3251 1462 3317 male
1500 3252 1781 3318 'I’homas
1811 3251 2294 3320 Cantuariensis
2323 3254 2632 3341 archiepi-

720 3375 952 3439 scopus
978 3361 1284 3439 operatus
1313 3361 1413 3419 est
1440 3354 1784 3420 adversum
1819 3376 1927 3420 me
1966 3361 2035 3421 et
2070 3376 2349 3440 regnum
2387 3378 2625 3437 meum,

722 3466 791 3524 et
833 3479 1026 3542 quam
1069 3458 1238 3523 male
1279 3458 1656 3523 recesserit:
1704 3466 1772 3524 et
1813 3457 1962 3525 ideo
2001 3457 2126 3523 tibi
2166 3460 2425 3538 mando,
2453 3460 2629 3542 quod

720 3561 937 3626 clerici
964 3561 1087 3639 sui,
1116 3561 1232 3645 qui
1260 3561 1430 3626 circa
1454 3562 1669 3646 ipsum
1698 3561 1967 3627 fuerunt
1994 3568 2140 3647 post
2166 3562 2390 3645 fugam
2415 3582 2624 3642 suam,

716 3671 788 3728 et
826 3664 937 3727 alii
975 3663 1205 3744 clerici,
1233 3664 1348 3748 qui
1374 3664 1798 3729 detraxerunt
1834 3665 2068 3732 honori
2104 3686 2247 3729 meo
2283 3671 2354 3729 et
2391 3665 2625 3731 honori

716 3763 926 3846 regni,
956 3784 1093 3827 non
1135 3765 1493 3848 percipiant
1532 3766 1776 3850 aliquid
1815 3768 1895 3832 de
1932 3767 2248 3833 reditibus
2283 3767 2433 3848 illis,
2464 3789 2624 3853 quos

715 3864 1089 3930 habuerunt
1136 3866 1207 3930 in
1258 3866 1631 3951 episcopatu
1677 3877 1812 3949 tuo,
1858 3870 1987 3935 nisi
2023 3891 2139 3956 per
2174 3892 2302 3951 me,
2345 3893 2468 3938 nee
2511 3872 2625 3937 ha-

711 3968 911 4033 beant
940 3967 1203 4052 aliquod
1235 3970 1546 4035 auxilium
1574 3973 1679 4038 vel
1705 3974 2045 4040 consilium
2074 3996 2115 4037 a
2140 3981 2230 4038 te.

798 4071 993 4138 Teste
1026 4072 1303 4140 Ricardo
1333 4073 1415 4139 de
1443 4074 1630 4156 Luci,
1662 4076 1835 4160 apud
1863 4075 2256 4159 Merleberg.

3171 4573 3191 4746 ja..-
3189 4543 3190 4548 „
