3200 5392
540 858 676 900 Aa).
712 837 1110 921 1161—89.]
1213 858 1545 929 nrisromn
1578 858 1900 908 QUAEDAM.
2318 839 2446 900 243

541 974 682 1038 illas
724 975 1148 1059 profanasque
1198 975 1716 1053 consuetudines,
1763 997 1906 1058 quae
1945 974 2172 1038 diebus
2210 973 2448 1037 nostris

542 1077 663 1141 sub
703 1070 1134 1142 innovationis
1169 1078 1446 1143 obtentu
1483 1079 1907 1162 promulgatae
1950 1084 2124 1156 sunt,
2161 1098 2296 1141 non
2340 1077 2451 1140 ab·

544 1181 770 1257 solute,
809 1181 975 1244 sicut
1015 1202 1237 1245 earum
1279 1182 1620 1246 innovator
1664 1181 1994 1264 gloriatur,
2027 1179 2452 1245 observandas

542 1281 941 1364 promisistiS,
995 1303 1224 1367 neque,
1279 1291 1355 1347 ut
1413 1284 1646 1362 caeteri,
1709 1283 1929 1366 scripti
1986 1282 2182 1347 vestri
2238 1281 2451 1346 muni-

544 1393 769 1451 mento
798 1385 1169 1451 roborastis.

628 1488 878 1552 Verum
924 1489 1004 1553 de
1046 1490 1370 1573 legatione
1413 1489 1672 1572 Anglise
1717 1488 2127 1553 concedenda
2170 1509 2305 1551 non
2354 1491 2452 1550 est

546 1591 718 1674 quod
755 1592 960 1656 vereri
1000 1593 1352 1677 quidquam
1392 1592 1698 1670 debeatis,
1747 1592 1801 1654 si
1842 1591 2050 1655 verbis
2096 1589 2454 1674 apostolicis

546 1693 703 1757 fides
745 1694 959 1777 aliqua
994 1694 1220 1757 haberi
1259 1700 1490 1777 potest.
1583 1694 1781 1758 Gravi
1821 1693 1996 1757 enim
2034 1694 2291 1757 redimit
2321 1714 2456 1776 poe-

547 1797 827 1860 nitentia
868 1797 1045 1860 illam
1092 1798 1347 1879 qualem
1394 1798 1671 1881 qualem,
1701 1819 1893 1880 quam
1931 1797 2320 1862 Eboracensi
2364 1797 2454 1860 fe-

548 1906 742 1977 cerat,
803 1901 1295 1964 concessionem.
1402 1901 1545 1965 Nec
1603 1901 1874 1964 moleste
1932 1901 2098 1964 ferat
2157 1899 2456 1964 dominns

548 2022 751 2079 meus,
784 2001 955 2085 quod
996 2024 1035 2064 a
1075 2001 1319 2065 domini
1363 2023 1544 2084 papae
1584 2009 1653 2065 et
1691 2003 1883 2065 curiae
1919 2002 2340 2085 frequentiori
2367 2004 2457 2067 vi-

551 2104 852 2169 sitatione
910 2103 1222 2168 abstineo.
1341 2104 1444 2168 De
1507 2103 1829 2167 industria
1886 2105 2125 2168 etenim
2187 2104 2456 2182 declin0,

552 2206 764 2290 quoad
821 2207 1079 2289 possim,
1141 2206 1643 2271 Pictaviensium
1715 2215 2085 2270 nostrorum
2160 2207 2457 2271 detracti-

553 2331 730 2387 ones,
764 2310 876 2394 qni
906 2309 1154 2393 quoties
1194 2310 1350 2373 illuc
1391 2308 1791 2388 accedebam,
1836 2310 1972 2392 regi
2013 2310 2287 2373 scribere
2326 2330 2462 2373 non

551 2411 906 2490 cessabant,
939 2411 1112 2494 quod
1154 2413 1228 2475 in
1269 2412 1469 2495 ipsius
1510 2411 2007 2494 sugillationem,
2040 2417 2106 2474 et
2146 2411 2460 2474 instituti-

551 2535 751 2578 onum
792 2535 1055 2578 suarum
1093 2515 1421 2578 laesionem
1459 2515 1763 2598 pleraque
1804 2514 1875 2577 in
1916 2514 2095 2577 curia
2133 2512 2459 2577 machina-

551 2616 685 2681 bar.
779 2617 1156 2681 Consultius
1195 2618 1413 2701 itaque
1454 2617 1696 2682 credidi
1735 2616 2023 2701 personis
2063 2617 2353 2681 discretis
2395 2623 2461 2680 et

549 2720 863 2803 religiosis
907 2728 1043 2785 tam
1088 2729 1299 2785 vestra
1343 2744 1538 2806 quam
1581 2742 1729 2785 mea
1770 2722 2033 2805 negotia
2076 2721 2354 2798 credere,
2394 2726 2460 2783 et

552 2843 777 2886 earum
813 2824 886 2886 in
924 2831 1106 2907 parte
1144 2825 1269 2887 ista
1305 2845 1499 2907 opera
1526 2825 1646 2887 uti.
1739 2823 1932 2889 Quod
1975 2829 2042 2887 et
2085 2844 2263 2886 nunc
2306 2844 2461 2906 pau-

555 2925 646 2989 cis
707 2926 933 2989 diebus
995 2932 1147 2990 ante
1207 2927 1542 2991 literarum
1599 2932 1954 2990 vestrarum
2025 2926 2460 3009 receptionem

552 3028 847 3106 feceram,
909 3029 1029 3092 sub
1089 3050 1165 3092 eo
1222 3029 1519 3093 videlicet
1576 3035 1885 3112 tempore,
1948 3050 2075 3113 quo
2132 3049 2462 3111 paganum

555 3135 907 3211 cognatum
950 3151 1169 3193 meum
1212 3130 1296 3194 ad
1337 3152 1448 3194 vos
1491 3130 1657 3194 misi.
1747 3130 1999 3194 Nactus
2030 3131 2204 3193 enim
2234 3151 2462 3214 oppor-

554 3231 908 3295 tunitatem
950 3232 1069 3294 viri
1113 3233 1509 3309 venerabilis,
1552 3240 1621 3296 et
1666 3218 2024 3296 sanctitatis
2067 3234 2464 3315 incompara-

555 3333 723 3410 bilis,
773 3332 1018 3397 domini
1065 3333 1315 3398 abbatis
1362 3334 1897 3411 Pontiniacensis,
1944 3335 2050 3417 qui
2095 3334 2264 3397 forte
2315 3354 2464 3396 cum

558 3457 775 3503 amore
832 3436 1057 3515 nostri,
1102 3443 1263 3500 -tum
1322 3437 1531 3520 gratia
1586 3436 1969 3501 visitationis
2043 3436 2465 3513 abbatiarum,

554 3561 712 3624 quas
757 3540 831 3603 in
876 3547 1098 3604 nostro
1143 3541 1512 3624 episcopatu
1557 3538 1773 3617 habet,
1822 3540 1892 3602 in
1942 3546 2156 3623 partes
2209 3546 2461 3604 nostras

555 3642 989 3721 descenderat,
1036 3643 1235 3726 ipsius
1281 3643 1600 3706 industria
1645 3643 1968 3726 pleraque,
2016 3650 2152 3706 tam
2205 3642 2286 3705 ad
2334 3663 2463 3719 vos,

559 3766 753 3827 quam
797 3744 881 3809 ad
923 3765 1030 3809 me
1073 3744 1485 3827 pertinentia,
1519 3744 1601 3808 ad
1643 3744 1976 3807 dominum
2015 3764 2248 3827 papam
2288 3764 2467 3806 secu-

558 3847 694 3910 rius
744 3847 1123 3930 perferenda
1172 3847 1482 3912 commisi.
1579 3846 1955 3930 Specialiter
2008 3853 2226 3909 autem
2278 3866 2473 3929 super

560 3949 754 4013 verbo
782 3950 1139 4031 legationis,
1170 3958 1236 4014 et
1266 3951 1472 4015 sancti
1500 3951 1875 4034 Augustini.
1968 3950 2263 4016 Qualiter
2291 3951 2468 4014 enim

561 4051 766 4114 literae
793 4051 1133 4133 legationis
1174 4053 1292 4117 sub
1333 4053 1782 4136 indignatione
1812 4053 2112 4118 conviciis
2152 4055 2470 4136 permixta

564 4154 827 4219 domino
870 4176 1052 4238 papae
1093 4155 1411 4220 restitutae
1453 4156 1744 4235 fuissent,
1778 4165 1845 4220 et
1881 4156 2200 4241 quomodo
2244 4156 2326 4217 ad
2369 4155 2468 4216 in-

565 4255 872 4323 stantiam
925 4257 1328 4342 quorundam
1378 4258 1802 4322 cardinalium
1851 4259 2029 4341 quasi
2080 4259 2162 4321 ad
2214 4257 2468 4338 placan-

564 4359 713 4423 dam
743 4360 912 4442 regis
941 4360 1456 4443 indignationem
1479 4360 1892 4425 districtiores
1913 4361 2090 4425 vobis
2117 4360 2320 4422 literae
2349 4379 2464 4440 pro

563 4463 1003 4528 benedicendo
1056 4463 1287 4527 abbate
1341 4465 1545 4527 sancti
1593 4465 1946 4546 Augustini
2007 4464 2264 4526 directae
2315 4462 2464 4538 sint,
2554 4484 2559 4489 ·

1461 4584 1503 4624 R
1535 4567 1575 4625 2
