3200 5392
6 244 9 247 ,
26 236 35 245 22

26 342 35 371 l

16 418 17 427 1

539 972 673 1015 Aa).
713 951 1102 1033 ll6l—89.]
1197 971 1529 1014 nmsroLAE
1562 971 1885 1021 QUAEDAM.
2354 953 2438 1015 57

538 1092 651 1149 aut
696 1107 764 1150 se
808 1084 888 1149 de
930 1085 1031 1148 his
1075 1085 1155 1148 de
1198 1091 1431 1148 caetero
1475 1085 1908 1149 intromittere
1940 1084 2224 1168 qualibet
2255 1106 2435 1149 occa-

24 1224 33 1233 ·
539 1189 716 1252 sione
758 1194 1171 1270 praesumant.
1263 1185 1454 1253 Quod
1498 1188 1552 1250 si
1597 1186 1679 1250 ad
1722 1192 2005 1251 vestrum
2044 1195 2435 1270 praeceptum

6 1240 23 1337 l
538 1311 673 1354 non
700 1288 988 1365 fecerint,
1021 1280 1130 1352 vos
1169 1310 1297 1367 eos,
1328 1289 1507 1352 omni
1550 1287 1857 1352 dilatione
1900 1296 1967 1353 et
2011 1291 2437 1372 appellatione

538 1399 846 1469 cessante,
890 1392 962 1454 in
1004 1391 1281 1474 priorem
1325 1391 2002 1465 excommunicationis
2049 1393 2439 1457 sententiam

538 1515 740 1577 usque
800 1494 882 1558 ad
942 1493 1445 1558 satisfactionem
1503 1494 1856 1577 plenariam
1915 1495 2253 1559 reducatis.
2367 1495 2440 1559 Si

539 1617 686 1660 vcro
734 1619 772 1659 a
819 1595 994 1660 vobis
1041 1596 1283 1660 fuerint
1331 1595 1628 1675 absoluti,
1672 1595 1742 1659 id
1786 1596 2225 1676 nihilominus,
2275 1598 2441 1662 sicut

539 1699 972 1782 praediximus,
1005 1699 1313 1762 efficiatis.

6 1826 15 2183 ἱ
745 2032 1186 2097 EPISTOLA
1230 2034 1907 2100 CCCXXXIII.—An
1938 2055 2228 2099 Eosmm.

548 2182 905 2244 Aleoeander
951 2178 1285 2263 episcopm,
1332 2202 1546 2246 servus
1589 2203 1903 2247 servorum
1950 2186 2097 2262 Dei,
2147 2186 2445 2256 Willelmo

632 2285 836 2347 sancti
866 2285 1047 2347 Petri
1085 2284 1174 2346 ad
1206 2284 1450 2346 vincula
1483 2284 1863 2365 presbytero,
1901 2291 1961 2347 et
1998 2286 2211 2348 Ottom'
2248 2290 2447 2349 sancti

634 2387 885 2450 Nicolai
930 2388 998 2449 in
1049 2407 1296 2450 carcere
1360 2388 1643 2449 Tulliano
1703 2388 1961 2453 diacono
2009 2388 2336 2467 cardinali,
2388 2394 2450 2452 et

634 2489 982 2570 apostolicae
1010 2489 1176 2551 sedis
1205 2489 1444 2570 leyatiS,
1462 2490 1725 2552 salutem
1754 2495 1816 2552 et
1844 2490 2245 2570 apostolicam
2276 2490 2447 2555 bene-

635 2594 981 2656 dictionem.

103 2790 161 2804 ..
637 2742 930 2809 QUANTA
960 2743 1274 2806 universae
1318 2741 1444 2806 Dei
1487 2742 1771 2807 ecclesiae
1814 2748 1880 2805 et
1922 2743 2278 2826 praesertim
2320 2744 2449 2807 Ro-

548 2865 778 2922 manae,
810 2850 876 2908 et
906 2843 1201 2908 orientali
1237 2844 1628 2908 detrimenta
1670 2850 1736 2908 et
1775 2844 2188 2908 incommoda
2216 2865 2295 2910 ex
2325 2844 2450 2908 dis-

550 2946 767 3010 cordia
795 2952 861 3009 et
890 2945 1288 3010 dissensione
1318 2968 1461 3029 quae
1493 2947 1667 3010 inter
1696 2946 2057 3010 carissimos
2092 2946 2163 3008 in
2194 2945 2456 3010 Christo
2514 3005 2522 3010 .

550 3049 714 3113 filios
745 3055 997 3113 nostros
1024 3049 1306 3112 illustres
1338 3049 1724 3112 Francorum
1767 3055 1833 3112 et
1862 3049 2226 3131 Anglorum
2270 3069 2455 3132 reges

551 3172 666 3234 per
694 3152 962 3214 humani
993 3153 1245 3234 generis
1275 3151 1547 3234 contigit
1575 3151 1933 3229 inimicum,
1965 3158 2272 3234 poterunt
2315 3173 2454 3216 eve-

553 3253 713 3331 nire,
744 3259 1033 3316 nostram
1070 3253 1252 3318 decet
1297 3254 1746 3318 discretionem
1787 3253 2134 3332 advertere,
2166 3261 2230 3318 et
2271 3260 2458 3319 tanto

556 3353 930 3436 diligentius
961 3353 1043 3416 ad
1079 3375 1155 3417 ea
1184 3354 1658 3436 exstinguenda
1683 3355 2040 3432 intendere,
2073 3363 2318 3438 quanto
2354 3378 2459 3419 ex-

553 3456 708 3520 inde
760 3457 1023 3545 majora,
1077 3457 1246 3540 quod
1293 3457 1472 3520 Deus
1521 3463 1787 3534 avertat,
1834 3456 2119 3538 pericula
2158 3456 2461 3521 formida-

554 3580 720 3622 mus.
765 3597 771 3601 -
812 3548 1131 3623 Quocirca
1169 3558 1620 3622 discretionem
1650 3565 1927 3622 vestram
1971 3579 2085 3641 per
2115 3559 2462 3641 apostolica

557 3663 793 3745 scripta
821 3683 1179 3741 monemus,
1204 3661 1609 3741 mandamuS,
1634 3669 1827 3745 atque
1855 3661 2282 3745 praecipimus,
2307 3684 2461 3746 qua-

555 3772 748 3829 tenus
793 3764 876 3828 ad
920 3786 1140 3848 pacem
1181 3765 1355 3828 inter
1394 3786 1522 3843 eOS,
1554 3772 1621 3828 et
1662 3765 2071 3829 concordiam
2109 3765 2460 3831 reforman-

559 3867 707 3931 dam
751 3868 959 3934 modis
1003 3867 1303 3931 omnibus
1345 3889 1461 3951 per
1490 3889 1620 3946 vos,
1664 3874 1730 3931 et
1773 3889 1890 3951 per
1930 3868 2086 3932 alios
2129 3869 2462 3951 religiosos

559 3976 624 4035 et
655 3969 962 4035 discretos
982 3970 1150 4034 viros
1177 3969 1517 4053 utriusque
1546 3970 1732 4053 regni
1759 3970 2099 4034 intendere
2130 3972 2461 4052 studeatis,

559 4079 626 4137 et
670 4073 752 4137 ad
795 4074 917 4138 hoc
956 4079 1096 4138 tota
1135 4074 1487 4157 diligentia,
1537 4080 1602 4138 et
1650 4074 1805 4138 totis
1852 4073 2092 4138 viribus
2138 4075 2463 4155 laboretis,

558 4174 736 4239 vobis
781 4176 1164 4240 omnimodis
1202 4182 1650 4259 praecaventes,
1690 4197 1776 4239 ne
1816 4176 1898 4240 ad
1936 4177 2335 4263 petitionem,
2366 4179 2468 4243 vel

560 4277 842 4340 favorem
885 4278 1078 4345 unius
1124 4277 1360 4361 aliquid
1412 4278 1734 4358 statuatis,
1773 4277 1948 4342 unde
2001 4279 2161 4342 alter
2202 4279 2465 4343 scanda-

559 4380 740 4443 lizari
792 4379 1041 4460 debeat,
1096 4388 1210 4444 aut
1262 4402 1519 4464 quoquo
1576 4381 1771 4446 modo
1813 4381 2083 4446 turbari.
2173 4381 2278 4444 Ad
2330 4380 2468 4444 haec

561 4481 739 4546 vobis
771 4482 1123 4547 districtius
1151 4482 1586 4566 prohibemus,
1618 4505 1703 4547 ne
1733 4491 2002 4567 uterque
2033 4489 2337 4562 vestrum,
2368 4484 2470 4547 vel

563 4585 725 4648 alter
754 4606 1030 4668 regnum
1043 4583 1422 4668 ‘Anglorum
1452 4586 1715 4662 intrare,
1745 4584 1846 4648 vel
1876 4584 1955 4646 de
1993 4582 2266 4664 negotiis
2302 4585 2467 4668 ejus-
