3200 5392
553 948 687 990 Am.
727 926 1120 1009 1161-89,]
1223 943 1557 991 umerum
1590 948 1915 999 QUAEDAM.
2374 930 2454 993 91

552 1062 731 1126 sione
780 1061 892 1125 illa
939 1059 1277 1144 impendit.
1368 1060 1564 1125 Unde
1610 1083 1811 1144 quum
1856 1062 1991 1126 sola
2031 1062 2103 1125 in
2145 1069 2261 1127 tuo
2309 1085 2457 1128 con-

553 1164 806 1228 sistorio
854 1162 1140 1246 quolibet
1185 1163 1496 1227 destituta
1546 1164 1852 1247 suffragio
1910 1164 2261 1243 sisteretur,
2311 1187 2458 1248 apo-

553 1266 792 1331 stolicae
820 1266 989 1331 sedis
1019 1266 1416 1330 audientiam
1446 1266 1809 1350 appellavit.
1885 1266 2170 1331 Demum
2199 1287 2350 1332 vero
2378 1267 2462 1331 ad

551 1376 835 1433 castrum
865 1369 1190 1453 quoddam
1225 1368 1521 1447 deducta,
1551 1369 1625 1433 in
1661 1375 1910 1433 turrem
1945 1368 2182 1434 dicitur
2209 1376 2462 1435 retrusa

547 1472 762 1536 fuisse.
855 1471 992 1537 Ubi
1019 1493 1224 1556 usque
1252 1472 1324 1535 in
1353 1472 1739 1537 hodiernum
1782 1472 1956 1536 diem
1999 1471 2080 1536 ab
2119 1472 2461 1537 hominum

550 1577 872 1641 consortio
908 1584 1158 1641 remota
1198 1577 1460 1661 penitus
1497 1577 1877 1644 custoditur.
1969 1577 2295 1643 Quoniam
2340 1578 2460 1661 igi-

550 1684 661 1741 tur
697 1678 751 1742 si
794 1679 940 1762 quis
986 1699 1175 1757 esses,
1220 1679 1395 1763 quod
1444 1680 1726 1745 officium
1771 1701 2044 1763 gereres,
2088 1686 2267 1745 recta
2309 1701 2459 1744 con-

551 1780 937 1848 sideratione
965 1803 1287 1866 pensares,
1318 1783 1477 1847 talia
1516 1783 1598 1848 de
1637 1804 1905 1848 assensu
1943 1792 2078 1861 tue,
2109 1789 2224 1847 aut
2259 1783 2461 1847 etiam

547 1890 614 1947 te
645 1884 1024 1963 sustinente,
1055 1885 1429 1950 nullatenus
1469 1892 2014 1969 perpetrarentur,
2058 1907 2334 1970 quorum
2377 1885 2460 1949 ad

545 2007 666 2050 nos
708 1987 888 2069 pn'us
929 2008 1122 2069 poena
1162 2009 1362 2070 quam
1403 1989 1593 2072 culpa
1645 1988 1909 2053 deberet
1956 1988 2242 2072 perferri.
2335 1989 2462 2052 Per

553 2089 901 2171 apostolica
925 2089 1145 2171 itaque
1173 2089 1297 2152 tibi
1322 2091 1563 2173 scripta
1592 2092 2016 2174 praecipiendo
2054 2091 2457 2170 mandamus,

548 2197 616 2254 et
661 2189 734 2255 in
781 2190 1020 2254 virtute
1069 2190 1453 2255 obedientiae
1500 2192 1924 2275 injungimus,
1975 2193 2279 2276 quatinus
2299 2217 2304 2222 ’
2325 2214 2459 2257 me-

549 2299 872 2357 moratum
902 2291 1206 2358 comitem
1229 2293 1567 2376 diligentia
1585 2293 1938 2378 pontificali
1960 2295 2268 2372 adhibita,
2291 2295 2462 2358 infra

545 2396 777 2480 viginti
804 2396 941 2460 dies
982 2403 1128 2479 post
1166 2396 1401 2460 harum
1438 2397 1916 2481 susceptionem
1956 2397 2242 2464 studiose
2281 2418 2459 2462 com·

545 2520 828 2578 moneas,
853 2505 919 2563 et
946 2498 1237 2578 inducas,
1258 2507 1339 2563 ut
1367 2500 1704 2584 praefatam
1726 2522 1993 2565 uxorem
2025 2522 2212 2565 suam
2242 2499 2460 2565 debita

543 2623 694 2665 cum
721 2603 1136 2667 veneratione
1165 2603 1491 2688 suscipiat,
1514 2604 2078 2688 participationem
2106 2604 2181 2668 in
2208 2625 2455 2683 mensa,

543 2706 1063 2774 eommunionem
1090 2707 1164 2770 in
1191 2707 1401 2786 thoro,
1433 2730 1568 2772 non
1598 2708 1854 2773 differat
1881 2707 2206 2773 exhibere.
2259 2706 2458 2774 Quod

547 2810 603 2873 si
637 2810 780 2874 hoec
822 2810 1043 2875 omnia
1091 2809 1262 2874 infra
1303 2811 1659 2876 terminum
1702 2811 2148 2895 praescriptum
2193 2810 2457 2894 exsequi

541 2913 709 2977 forte
753 2913 1234 2997 contempserit,
1281 2920 1491 2980 totam
1541 2921 1786 2978 terram
1833 2914 1993 2998 ejus,
2035 2913 2345 2977 dilatione
2388 2919 2456 2978 et

543 3016 970 3099 appellatione
998 3016 1275 3095 sublata,
1304 3016 1609 3102 subjicias
1644 3017 2014 3082 interdicto,
2104 3018 2455 3082 Personam

546 3140 798 3202 quoque
825 3120 1019 3199 illius,
1051 3120 1106 3184 si
1136 3140 1257 3184 nec
1287 3119 1378 3184 sic
1411 3120 1772 3204 resipuen't,
1802 3120 2060 3183 vinculo
2089 3140 2455 3184 excommu-

544 3221 886 3285 nicationis
915 3222 1252 3303 astringas,
1285 3228 1352 3286 et
1381 3244 1533 3287 eum
1562 3222 1644 3287 ab
1674 3222 1977 3288 omnibus
2005 3223 2174 3287 sicut
2201 3243 2454 3287 excom-

546 3322 950 3386 municatum
981 3322 1235 3405 publice
1263 3324 1453 3387 vitari
1482 3324 1900 3403 denuncians,
1925 3324 2008 3388 ad
2037 3345 2459 3408 quaecumque

545 3426 688 3489 loca
732 3423 1078 3503 devenerit,
1121 3423 1429 3508 quamdiu
1467 3425 1712 3489 ibidem
1755 3446 2038 3510 praesens
2078 3425 2293 3503 fuerit,
2329 3426 2458 3488 nisi

544 3529 617 3593 in
647 3528 827 3592 curia
853 3527 1025 3611 regis
1054 3534 1506 3607 commoretur,
1538 3529 1758 3593 omnia
1786 3527 2004 3592 divina
2041 3527 2264 3606 officia,
2296 3547 2457 3609 pruc-

543 3638 647 3695 ter
673 3630 997 3714 baptisma
1024 3631 1438 3714 parvulorum
1469 3639 1535 3697 et
1571 3630 1990 3715 poenitentias
2020 3629 2458 3707 morientium,

547 3734 930 3798 auctoritate
984 3740 1209 3798 nostra
1264 3733 1607 3818 prohibeas
1668 3733 2000 3800 celebrari.
2119 3731 2459 3797 Universis

546 3837 742 3902 etiam
801 3837 1111 3921 episcopis
1160 3858 1278 3921 per
1326 3838 1636 3922 Angliam
1693 3836 2081 3916 constitutis,
2135 3857 2215 3901 ex
2272 3843 2461 3919 parte

544 3946 766 4006 nostra
809 3939 1097 4006 districte
1138 3939 1407 4019 indicas,
1452 3947 1529 4004 ut
1572 3962 1724 4004 eum
1770 3961 1886 4025 per
1927 3939 2259 4024 parochias
2301 3960 2458 4002 suas

549 4042 716 4105 sicut
774 4042 1402 4107 excommunicatum
1459 4043 1776 4109 nuncient
1835 4043 1916 4108 ab
1976 4041 2275 4109 omnibus
2323 4042 2456 4106 evi-

547 4143 841 4224 tandum,
872 4153 940 4210 et
966 4146 1090 4231 ipsi
1119 4147 1400 4212 eundem
1436 4169 1697 4231 prorsus
1736 4148 1999 4213 evitent.
2089 4147 2263 4220 Data
2290 4146 2457 4211 'Pus-
2585 4151 2590 4156 “

550 4246 767 4313 culani
794 4248 907 4314 III
939 4251 1236 4317 calendas
1269 4253 1617 4319 Februarii.
