3200 5392
741 775 875 845 212
1465 790 1937 836 nrlscorouuu

745 912 899 997 quia
940 918 1142 978 tantae
1184 911 1515 997 iniquitati
1558 932 1628 978 se
1671 931 1992 998 opponere
2034 930 2229 976 ausus
2272 915 2392 991 est,
2428 917 2496 977 et
2537 931 2656 996 pro

744 1014 1048 1080 libertate
1091 1015 1374 1081 ecclesiae
1414 1014 1626 1080 facere
1666 1014 2069 1095 verbum,et
2110 1013 2478 1099 apostolicae
2519 1013 2656 1078 sedi

744 1118 819 1182 in
845 1118 1194 1203 privilegiis
1222 1117 1657 1184 custodiendis
1686 1138 1937 1185 servare
1965 1116 2181 1183 fidem.
2256 1117 2470 1183 Causa
2494 1116 2652 1197 haec,

745 1226 933 1305 pater
975 1219 1397 1300 sanctissime,
1439 1225 1653 1286 vestra
1693 1227 1814 1300 est,
1856 1220 1931 1284 ιιι
1973 1240 2084 1285 vos
2126 1226 2263 1285 tam
2306 1241 2653 1305 praesump·

744 1329 955 1403 tuosa,
997 1330 1134 1388 tam
1178 1322 1488 1389 damnosa
1528 1323 1853 1390 redundat
1895 1321 2154 1408 injuria.
2242 1322 2653 1407 Apostolatui

747 1433 959 1492 vestro
1003 1425 1084 1491 de
1128 1424 1519 1491 cohibitione
1560 1424 1926 1511 tyrannidis
1967 1424 2166 1509 hujus
2210 1423 2483 1490 debetur
2522 1424 2650 1489 vic-

742 1527 930 1606 toria,
977 1548 1095 1610 per
1143 1527 1645 1594 misericordiam
1703 1528 1829 1593 Dei
1887 1533 1954 1593 et
2012 1526 2216 1611 gloria
2269 1532 2649 1591 reservatur.

741 1629 922 1694 Nam
964 1630 1017 1692 si
1060 1629 1189 1709 ille,
1220 1629 1392 1713 quod
1422 1631 1601 1696 Deus
1632 1636 1898 1709 avertat,
1929 1628 2348 1714 praevaluerit,
2381 1628 2648 1695 ecclesia

743 1732 1109 1815 Anglorum
1150 1732 1360 1815 periit,
1393 1739 1459 1796 et
1491 1732 1830 1797 Gallicana
1870 1732 1940 1797 in
1986 1730 2265 1816 periculo
2308 1736 2426 1794 est.
2517 1731 2645 1795 Ex-

743 1839 990 1917 spectat
1056 1832 1323 1900 devotus
1381 1834 1552 1898 filius
1611 1840 1820 1899 vester
1879 1831 2463 1898 christianissimus
2532 1853 2647 1897 rex

744 1937 1161 2017 Francorum,
1202 1944 1576 2022 exspectant
1616 1938 1904 2003 ecclesiae
1945 1943 2013 2002 et
2056 1936 2400 2020 optimates
2441 1935 2647 2020 regni,

746 2060 943 2122 quam
999 2060 1188 2124 opem
1246 2039 1547 2104 adversus
1604 2045 1960 2124 tyrannum
2012 2038 2381 2103 saevientem
2431 2039 2648 2103 feretis

745 2141 1220 2225 archiepiscopo
1284 2162 1402 2227 pro
1460 2140 1716 2226 justitia
1773 2139 2079 2219 exulanti,
2139 2147 2207 2205 et
2279 2140 2648 2206 coexulibus

746 2244 905 2326 ejus,
938 2244 1112 2326 quod
1139 2243 1422 2310 ecclesiae
1449 2243 1790 2322 laboranti,
1825 2243 2025 2307 immo
2056 2242 2194 2327 jam
2232 2243 2368 2308 fere
2405 2243 2649 2309 labenti

744 2345 1065 2410 solatium.
1155 2346 1569 2430 Exspectant,
1613 2346 1902 2430 inquam,
1951 2344 2075 2410 sibi
2117 2346 2479 2430 reputaturi
2518 2345 2648 2410 fac-

744 2452 908 2525 tum,
953 2446 1263 2530 quidquid
1308 2448 1736 2514 miserationis
1780 2447 2043 2514 domino
2087 2447 2536 2513 cantuariensi
2582 2453 2649 2512 et

743 2548 879 2612 suis
924 2548 1121 2612 fuerit
1167 2548 1562 2614 exhibitum:
1610 2550 1665 2614 si
1711 2551 1755 2615 J
1756 2571 2034 2615 oannem
2082 2550 2165 2615 de
2211 2549 2643 2629 Oxinefordia,

743 2649 854 2732 qui
925 2649 1295 2734 imperatori
1359 2657 1586 2717 contra
1644 2652 1978 2718 ecclesiam
2035 2651 2161 2717 Dei
2217 2653 2647 2718 execrandum

741 2751 1042 2836 praestitit
1092 2760 1588 2834 sacramentum,
1640 2763 1708 2821 et
1758 2754 2095 2839 complices
2146 2776 2296 2820 suos
2343 2756 2646 2820 confude-

740 2853 900 2918 ritis.
995 2854 1068 2918 Si
1109 2855 1279 2939 regis
1306 2856 1683 2941 Anglorumv
1710 2857 2285 2923 circumventiones
2322 2858 2643 2922 examina-

740 2955 959 3020 veritis
989 2956 1383 3041 diligentius,

929 3058 1037 3123 Ne
1065 3079 1175 3125 vos
1205 3061 1529 3146 decipiant
1559 3062 1762 3127 animi
1790 3063 1910 3127 sub
1939 3062 2128 3146 vulpe
2155 3063 2454 3143 latentes,

740 3159 883 3225 Deo
913 3166 1193 3243 auctore,
1229 3163 1546 3229 liberastis
1576 3165 1931 3230 ecclesiam.
2019 3165 2197 3229 Nam
2226 3184 2644 3250 quaecumque

738 3261 916 3329 idem
958 3286 1073 3330 rex
1119 3266 1273 3349 agit,
1320 3267 1716 3332 nostratibus
1763 3273 1831 3332 et
1874 3266 2100 3333 vicinis
2146 3267 2307 3332 adeo
2352 3275 2646 3353 suspecta

739 3373 913 3445 sunt,
944 3373 1022 3432 ut
1065 3369 1304 3452 passim
1334 3368 1593 3434 dicant:
1643 3369 1968 3437 Quoniam
2011 3368 2240 3435 beatus
2283 3371 2397 3454 qui
2437 3371 2645 3435 allidit

742 3469 1038 3552 parvulos
1084 3490 1233 3536 suos
1280 3470 1363 3534 ad
1408 3479 1680 3555 petram.
1775 3472 1958 3537 Sicut
2006 3471 2232 3537 vicinis
2280 3479 2475 3536 notus
2525 3464 2646 3551 est,

742 3569 997 3634 utinam
1049 3571 1190 3635 sine
1239 3570 1477 3638 damno
1533 3580 1766 3653 vestro,
1826 3594 1912 3639 ne
1959 3572 2344 3656 pernitiosus
2392 3583 2645 3654 noceat,

742 3677 921 3745 totus
992 3671 1356 3739 innotescat
1428 3682 1496 3739 et
1566 3675 1766 3740 vobis.
1889 3676 2332 3760 supplicamus
2401 3676 2643 3761 itaque,

745 3777 991 3854 quanta
1038 3772 1376 3839 devotione
1419 3794 1783 3861 possumus,
1826 3781 2153 3864 majestati
2197 3785 2442 3859 vestrae,
2489 3803 2645 3865 qua-

740 3879 934 3938 tenus
975 3894 1161 3940 aures
1198 3877 1559 3945 clementiae
1595 3888 1824 3948 vestrae
1867 3883 2167 3966 aperiatis
2192 3883 2290 3947 >ad
2328 3884 2646 3950 orationes

743 3981 812 4040 et
854 3983 1003 4042 vota
1044 3980 1445 4063 populorum,
1487 3990 1554 4049 et
1598 3984 2081 4050 Cantuariensis
2124 3986 2408 4051 ecclesiae
2450 3988 2647 4070 respi-

744 4078 928 4144 ciatis
978 4082 1446 4164 necessitatem,
1495 4088 1563 4151 et
1614 4086 2088 4171 archiepiscopi,
2135 4095 2204 4153 et
2262 4109 2488 4161 eorum
2537 4090 2649 4173 qui

741 4177 868 4242 sibi
912 4200 1029 4262 pro
1077 4181 1218 4246 Deo
1268 4194 1335 4246 et
1377 4184 1661 4250 ecclesiae
1705 4185 2006 4251 libertate
2051 4187 2413 4268 coexulant,
2461 4189 2649 4263 mise·

741 4281 976 4346 rabiles
1006 4284 1361 4349 exaudiatis
1388 4306 1631 4367 preces.
1720 4287 1990 4353 Certum
2017 4309 2167 4355 vero
2194 4289 2433 4355 habeat
2469 4311 2652 4357 sanc-

740 4382 898 4448 titas
943 4391 1176 4466 vestra,
1227 4385 1397 4470 quod
1445 4386 1745 4457 dominus
1790 4411 1905 4456 rex
1955 4394 2044 4465 et,
2069 4391 2415 4481 optimates
2463 4392 2652 4477 regni
