3200 5392
617 968 752 1011 Aa).
792 949 1185 1033 1161—89.]
1278 971 1610 1015 Erlsromn
1642 971 1966 1021 QUAEDAM.
2436 953 2518 1012 85

614 1300 1052 1367 EPISTOLA
1101 1302 1910 1367 OOOLVIIL-musnffl
1950 1322 2044 1365 An
2084 1322 2146 1366 G.
2180 1322 2521 1366 amconm-

1152 1424 1370 1469 Enseu
1400 1424 1980 1470 Ancnmuconum.

615 1557 976 1621 Alexander
1034 1558 1256 1621 tertius
1313 1549 1651 1639 episcopm,
1725 1578 1937 1622 servus
2007 1578 2324 1622 servorum
2379 1558 2522 1635 Dei,

705 1661 927 1724 dilecto
962 1660 1106 1743 filio
1160 1662 1234 1725 G.
1285 1661 1705 1725 Lincolniensi
1756 1663 2214 1740 archidiacono,
2264 1662 2530 1724 salutem

704 1770 765 1827 et
794 1766 1197 1847 apostolicam
1228 1765 1723 1829 benedictionem.

702 1916 811 1978 An
863 1916 1271 1999 praesentiam
1332 1923 1622 1981 nostram
1682 1916 1989 1981 accedens
2038 1918 2117 1981 R.
2168 1914 2521 2000 presbyter,

616 2018 816 2081 tacita
856 2018 1126 2083 veritate
1167 2019 1339 2102 quod
1379 2027 1547 2084 esset
1587 2019 1780 2083 filius
1797 2019 2162 2098 sacerdotis,
2204 2040 2315 2103 per
2352 2019 2526 2083 frau-

619 2121 768 2184 dem
799 2120 1051 2186 anobis
1089 2121 1308 2185 literas
1346 2121 1732 2205 impetravit,
1763 2128 1840 2184 ut
1879 2122 1952 2185 in
1990 2121 2257 2186 ecclesia
2295 2122 2376 2185 de
2417 2120 2526 2184 Bi-

621 2221 842 2301 leberi,
871 2223 945 2287 in
975 2242 1103 2306 qua
1129 2229 1315 2307 pater
1344 2224 1484 2307 ejus
1513 2223 1925 2302 ministravit,
1951 2224 2324 2307 capellanus
2364 2223 2527 2287 exis-

619 2332 809 2390 teret.
899 2326 1075 2393 Quia
1120 2346 1269 2390 vero
1318 2326 1494 2390 fraus
1544 2326 1675 2390 sive
1723 2326 1907 2389 dolus
1957 2325 2123 2389 nulli
2175 2324 2367 2389 debet
2416 2346 2530 2408 pa·

619 2429 967 2493 trocinium
1018 2434 1340 2513 praestare,
1390 2429 1768 2493 discretioni
1824 2435 1956 2492 tuae
2012 2449 2127 2513 per
2185 2428 2533 2512 apostolica

620 2532 857 2616 scripta
898 2532 1303 2612 mandamus,
1351 2533 1655 2616 quatinus
1702 2533 1873 2597 infra
1916 2532 2347 2616 quadraginta
2393 2530 2530 2595 dies

618 2644 764 2719 post
823 2636 1055 2701 harum
1106 2636 1598 2720 susceptionem,
1651 2636 1746 2701 rei
1795 2636 2136 2701 veritatem
2186 2635 2531 2718 diligenter

619 2740 927 2823 inquiras,
976 2745 1042 2803 et
1091 2739 1146 2804 si
1194 2738 1317 2803 tibi
1363 2738 1748 2817 eonstiterit,
1791 2738 1961 2822 quod
2006 2743 2401 2803 memoratus
2447 2738 2528 2801 R.

622 2845 707 2908 sit
745 2844 819 2907 in
858 2842 1211 2908 sacerdotio
1251 2843 1529 2926 genitus,
1572 2850 1641 2907 et
1682 2842 1853 2926 quod
1895 2850 2081 2926 pater
2125 2843 2265 2927 ejus
2309 2841 2381 2905 in
2424 2861 2529 2905 ea-

623 2948 770 3011 dem
801 2947 1067 3011 ecclesia
1095 2947 1572 3026 ministraverit,
1606 2968 1741 3011 non
1771 2945 2179 3011 obstantibus
2209 2945 2530 3030 praedictis

619 3049 820 3115 literis
850 3048 1109 3128 nostris,
1138 3049 1351 3133 ipsum
1383 3049 1616 3114 exinde
1650 3050 1829 3113 omni
1855 3049 2191 3114 occasione
2222 3056 2288 3113 et
2318 3049 2531 3133 appel-

620 3154 862 3218 latione
890 3159 1181 3218 cessante
1211 3175 1522 3218 amoveas.

696 3452 1143 3518 EPISTOLA
1188 3452 1928 3518 OCCLIX.-mnsnffl
1957 3472 2051 3515 AD
2082 3471 2473 3517 GILBEBTUM

1220 3575 1510 3620 Lormon.
1543 3574 1927 3619 Erlscornm.

624 3708 984 3796 Alexander
1027 3709 1342 3790 episcopus
1391 3728 1601 3772 servus
1648 3727 1962 3771 servorum
2006 3705 2147 3785 Dei,
2196 3706 2533 3771 venerabili

694 3811 903 3894 fratri
944 3811 1086 3895 [G]
1127 3811 1541 3874 Londoniensi
1571 3812 1872 3912 episcope,
1903 3812 2164 3874 salutem
2193 3816 2254 3874 et
2290 3817 2532 3893 aposto-

713 3917 898 3980 licam
929 3915 1416 3979 benedictionem.

717 4067 1007 4132 Qquro
1048 4067 1358 4150 majorem
1400 4066 1472 4129 in
1517 4065 1782 4131 ecclesia
1825 4065 1951 4129 Dei
1993 4065 2207 4129 locum
2251 4065 2533 4130 nosceris

628 4168 940 4248 obtinere,
970 4176 1158 4233 tanto
1199 4169 1473 4253 amplius
1512 4168 1868 4235 multorum
1910 4168 2080 4231 oculi
2121 4168 2193 4232 in
2232 4175 2300 4233 te
2340 4168 2534 4233 defixi

629 4272 1012 4351 consistunt,
1063 4271 1468 4355 quorundam
1519 4270 1778 4355 quidem
1830 4277 1907 4335 ut
1966 4271 2327 4349 detrahant,
2378 4291 2531 4353 quo-

629 4372 909 4438 rundam
966 4394 1113 4437 vero
1183 4382 1260 4436 ut
1332 4374 1464 4438 tuis
1520 4373 1710 4437 bonis
1770 4372 2020 4437 actibus
2077 4364 2552 4436 informentur(

631 4475 828 4541 Unde
868 4481 934 4539 et
974 4483 1225 4560 oportet
1263 4476 1676 4560 prudentiam
1713 4484 1897 4542 tuam
1935 4476 2030 4540 ita
2068 4480 2257 4538 caute
2302 4480 2367 4538 et
2411 4474 2530 4539 cir-

628 4585 991 4665 cumspecte
1036 4580 1108 4644 in
1153 4579 1452 4646 omnibus
1500 4602 1567 4645 se
1612 4579 1871 4659 habere,
1913 4586 1987 4643 ut
2033 4577 2301 4661 quisque
2348 4578 2417 4642 in
2464 4584 2530 4642 te
