3200 5392
615 903 751 946 mn.
789 881 1183 965 1161—89.]
1284 900 1619 944 nmsroLAE
1650 900 1973 950 QUAEDAM.
2391 882 2515 944 201

616 1018 801 1082 sociis
830 1017 1068 1081 nostris
1098 1037 1313 1080 coram
1342 1014 1729 1098 quibusdam
1758 1014 2188 1079 cardinalibus
2216 1014 2385 1078 viam
2420 1015 2520 1078 in-

616 1120 910 1184 venimus
950 1119 1140 1182 saluti
1177 1124 1405 1181 vestrae
1443 1123 1510 1180 et
1547 1117 1779 1181 honori
1816 1116 2056 1181 bonam
2101 1122 2167 1180 et
2211 1137 2519 1195 securam,

618 1230 684 1286 et
724 1222 1037 1286 universae
1075 1229 1264 1285 terrae
1301 1228 1529 1284 vestrae
1566 1221 1815 1300 utilem,
1848 1228 1913 1285 et
1953 1220 2263 1305 episcopis
2301 1241 2520 1284 neces-

618 1325 870 1402 sariam,
900 1346 1016 1408 pro
1047 1346 1173 1407 qua
1203 1345 1241 1386 a
1267 1322 1446 1386 vobis
1476 1331 1542 1387 et
1572 1345 1612 1387 a
1639 1330 1812 1388 terra
1841 1330 2049 1388 vestra
2077 1330 2143 1387 et
2174 1322 2254 1386 ab
2284 1323 2521 1406 episco-

616 1427 715 1511 pis
766 1428 992 1491 vestris
1044 1427 1319 1492 dedecus
1372 1434 1438 1492 et
1487 1428 1848 1511 periculum
1900 1428 2071 1511 quod
2119 1427 2520 1506 imminebat,

620 1531 985 1610 avertimus,
1025 1538 1091 1594 et
1132 1553 1249 1594 nos
1288 1532 1458 1615 ipsos
1502 1553 1618 1614 pro
1661 1530 1782 1595 hac
1825 1530 2204 1594 liberatione
2247 1531 2371 1594 toti
2413 1551 2524 1615 pe-

619 1634 821 1697 riculo
852 1635 1279 1716 exposuimus,
1312 1635 1646 1698 credentes
1691 1641 1759 1697 et
1802 1641 2043 1698 certam
2073 1654 2252 1718 spem
2280 1632 2523 1697 haben.-
2550 1692 2555 1697 .

618 1741 718 1800 tes
741 1737 914 1819 quod
942 1743 1155 1799 totum
1184 1737 1520 1819 negotium
1549 1736 1942 1818 procederet,
1974 1736 2330 1800 secundum
2352 1736 2524 1818 quod

620 1839 941 1913 credimus
978 1859 1090 1902 vos
1128 1839 1290 1902 velle
1333 1846 1401 1902 et
1444 1839 1801 1902 secundum
1842 1838 2011 1921 quod
2054 1839 2370 1902 credimus
2413 1859 2523 1902 vos

619 1941 783 2005 velle
813 1940 1064 2034 debere.
1154 1941 1410 2004 Timore
1439 1962 1719 2024 namque
1757 1940 2082 2024 perterriti
2118 1940 2349 2004 iisdem
2387 1961 2524 2004 car-

623 2040 945 2105 dinalibus
974 2042 1544 2121 intercedentibus,
1576 2035 2074 2124 significavimus
2114 2043 2375 2106 domino
2412 2064 2523 2126 pa-

623 2160 741 2228 pae,
784 2165 903 2208 nos
942 2144 1259 2227 accepisse
1296 2144 1369 2207 in
1405 2144 1730 2208 mandatis
1771 2164 1809 2207 a
1844 2143 2042 2222 vobis,
2076 2144 2246 2226 quod
2277 2146 2524 2227 jurare-

622 2267 769 2309 mus
814 2246 886 2308 in
929 2245 1274 2329 praesentia
1323 2247 1483 2329 ejus,
1532 2245 1706 2329 quod
1753 2266 1864 2309 vos
1917 2244 2169 2309 stabitis
2218 2245 2527 2310 mandato

623 2368 761 2426 suo,
809 2358 876 2411 et
927 2347 1051 2411 hoc
1094 2347 1398 2431 jurabitis
1455 2347 1527 2410 in
1583 2348 1842 2431 propria
1896 2367 2189 2431 persona.
2278 2347 2526 2412 Eadem

622 2471 777 2533 ergo
812 2449 914 2513 dic
944 2451 987 2513 J
989 2451 1122 2515 ovis
1166 2451 1300 2514 fere
1344 2450 1515 2514 circa
1555 2450 1784 2514 horam
1827 2471 2088 2528 nonam,
2119 2449 2328 2514 vocati
2371 2456 2526 2513 sunt

622 2553 865 2630 nuncii,
896 2559 1034 2616 tam
1063 2552 1259 2616 vestri
1289 2574 1483 2637 quam
1521 2552 1990 2636 episcoporum,
2017 2558 2083 2615 et
2125 2551 2200 2615 in
2244 2552 2529 2634 generali

621 2655 997 2719 consistorio
1035 2655 1413 2739 juravimus,
1460 2654 1659 2720 abbas
1703 2655 1946 2719 scilicet
1990 2654 2070 2719 de
2112 2654 2419 2719 Wallatia
2460 2662 2528 2719 et

627 2756 1123 2821 Saresberiensis
1161 2779 1240 2821 ex
1277 2757 1686 2822 Lexoviensis
1716 2757 2166 2836 archidiaconi,
2197 2764 2265 2821 et
2291 2756 2528 2840 magis·

624 2864 725 2923 ter
774 2859 1117 2937 Henricus,
1162 2866 1229 2923 et
1274 2860 1588 2924 Ricardus
1637 2860 1856 2939 Barre,
1903 2860 2076 2943 quod
2121 2880 2229 2923 vos
2275 2857 2528 2922 stabitis

625 2962 932 3025 mandato
961 2984 1159 3046 papae,
1192 2970 1258 3027 et
1302 2963 1385 3026 ad
1427 2969 1823 3047 praeceptum
1862 2963 2000 3045 ejus
2043 2962 2166 3026 hoc
2202 2962 2525 3045 jurabitis.

624 3063 872 3127 Nuncii
909 3085 1059 3128 vero
1099 3064 1554 3149 archiepiscopi
1583 3065 2027 3140 EboracensiS,
2059 3063 2529 3127 Londoniensis

626 3171 693 3228 et
748 3164 1245 3229 Saresberiens'is
1298 3167 1741 3250 episcoporum
1783 3168 2164 3249 juraverunt
2215 3166 2529 3243 similiter,

626 3267 800 3351 quod
840 3267 1086 3331 domini
1127 3268 1228 3332 sui
1274 3269 1540 3332 stabunt
1586 3274 1906 3352 praecepto
1952 3269 2111 3350 ejus,
2152 3275 2218 3332 et
2262 3268 2386 3330 hoc
2422 3268 2527 3350 ju-

625 3367 887 3432 rabunt.
1007 3368 1160 3451 Ipsa
1217 3367 1322 3432 die
1378 3374 1601 3432 tamen
1661 3369 2046 3452 generaliter
2092 3369 2529 3432 excommuni-

627 3471 795 3534 cavit
837 3470 1279 3534 interfectores
1310 3470 1815 3550 cantuariensis,
1847 3477 1914 3535 et
1957 3492 2180 3534 omnes
2224 3471 2337 3553 qui
2378 3492 2529 3535 con-

626 3573 861 3653 silium,
914 3575 1017 3638 vel
1068 3573 1377 3637 auxilium
1424 3573 1527 3637 vel
1584 3594 1917 3637 assensum
1974 3573 2409 3658 praebuerunt,
2463 3580 2531 3638 et

626 3698 849 3741 omnes
897 3677 1010 3759 qui
1058 3678 1131 3740 in
1181 3682 1423 3741 terram
1470 3698 1655 3740 suam
1702 3697 1809 3740 eos
1857 3665 2132 3740 scienter
2176 3675 2533 3758 receperint

627 3787 740 3844 aut
797 3780 1094 3844 foverint.
1202 3780 1524 3844 Dominus
1575 3779 2044 3863 Wigornensis,
2106 3785 2173 3843 et
2232 3779 2530 3843 dominus

627 3872 1031 3946 Ebroicensis
1084 3882 1380 3966 episcopi,
1430 3888 1495 3945 et
1545 3881 1868 3946 Robertus
1919 3882 1999 3946 de
2049 3878 2238 3946 Novo
2289 3882 2530 3964 Burgo,

627 3982 1033 4048 Ebroicensis
1063 3992 1128 4049 et
1158 3985 1466 4068 magister
1495 3983 1866 4049 Henricus
1848 4007 1920 4048 1n
1958 3985 2246 4069 proximo
2275 3985 2532 4049 venturi

631 4090 855 4149 erant:
903 4093 968 4150 et
999 4107 1106 4150 eos
1136 4087 1396 4202 quidem
1425 4087 1784 4150 dimisimus
1812 4088 1983 4151 ultra
2011 4088 2295 4152 modum
2307 4088 2530 4151 anxios

630 4193 698 4251 et
748 4185 1061 4265 turbatos,
1111 4189 1263 4271 quia
1309 4211 1425 4273 pro
1477 4189 1793 4273 explendo
1842 4191 2104 4272 negotio
2153 4196 2365 4254 vestro
2410 4209 2529 4272 pro

629 4289 793 4353 velle
831 4310 947 4353 suo
987 4290 1203 4353 venire
1241 4311 1375 4354 non
1414 4299 1734 4375 poterant.
1825 4292 2103 4375 Fuitque
2142 4290 2223 4353 de
2266 4289 2529 4353 consilio

628 4412 856 4456 eorum
899 4397 966 4455 et
1008 4398 1249 4470 nostro,
1281 4393 1453 4476 quod
1480 4415 1598 4457 nos
1630 4414 2032 4477 quocumque
2071 4391 2262 4456 modo
2295 4411 2528 4474 praece-

630 4493 927 4557 deremus
949 4514 1076 4585 Ιθοις,
1096 4499 1169 4556 ut
1191 4493 1465 4558 dedecus
1487 4501 1555 4559 et
1583 4495 1846 4573 malum,
1867 4493 2041 4580 quod
2071 4492 2384 4575 parabant
2411 4513 2526 4556 no-
