3200 5392
585 869 719 911 Aa).
759 850 1158 933 1161—89.]
1223 924 1226 927 ⁴
1260 869 1591 912 Ems'mLAE
1625 870 1947 920 QUAEDAM.
2371 851 2493 913 161

585 990 776 1066 urget
805 984 1173 1063 auctoritas,
1205 990 1378 1049 recte
1409 985 1670 1067 quidem
1711 985 1839 1048 nisi
1880 985 2125 1049 sciretis
2163 985 2498 1050 dominum

585 1084 837 1175 homini
868 1087 1358 1169 praeferendum,
1389 1086 1513 1150 nisi
1542 1088 1771 1169 religio
1815 1087 2120 1171 principis
2150 1088 2350 1170 possit
2380 1088 2498 1151 cir-

583 1190 953 1266 cumveniri,
985 1189 1111 1252 nisi
1138 1210 1256 1274 per
1285 1189 1764 1273 subreptionem
1797 1190 1877 1253 ab
1908 1211 1985 1254 eo
2014 1190 2330 1254 nonnulla
2359 1211 2497 1255 esse

581 1296 850 1368 extorta,
868 1292 1006 1374 jam
1049 1291 1330 1355 fuissetis
1374 1293 1638 1375 experti.
1735 1294 2007 1356 Summa
2051 1312 2204 1374 ergo
2243 1291 2495 1355 consilii

577 1392 782 1455 nostri
823 1393 962 1456 haec
1003 1402 1120 1472 est,
1158 1401 1234 1457 ut
1277 1393 1406 1477 legi
1447 1394 1717 1457 Domini
1761 1401 1827 1457 et
1872 1394 2068 1457 sacris
2113 1393 2491 1472 canonibus,

568 1493 757 1575 juxta
807 1494 1265 1577 professionem
1317 1503 1594 1559 vestram
1656 1495 2113 1578 obtemperetis
2148 1520 2162 1558 ε
2239 1497 2491 1578 quoties

573 1615 681 1658 vos
738 1598 900 1661 tales
959 1598 1274 1680 augustiae
1332 1598 1699 1681 presserint,
1759 1598 2043 1662 incidere
2116 1598 2186 1660 in
2256 1619 2489 1661 manus

572 1698 930 1777 hominum,
986 1721 1180 1782 quam
1241 1699 1507 1763 Domini
1559 1698 1849 1776 viventi8‚
1903 1698 2111 1761 tutius
2162 1698 2486 1781 judicetis.

574 1799 703 1862 Sed
733 1808 830 1863 est
859 1800 1077 1864 forsan
1120 1800 1295 1864 unde
1339 1799 1703 1863 merueritis
1750 1821 1940 1882 super
1978 1799 2486 1863 successionibus

571 1901 942 1984 hujusmodi
977 1902 1210 1978 vexari,
1248 1922 1324 1965 eo
1366 1902 1537 1984 quod
1580 1901 1653 1964 in
1696 1901 1989 1964 fraudem
2035 1922 2358 1964 canonum
2404 1901 2486 1964 ad

572 2004 888 2067 cessiones
948 2011 1013 2066 et
1073 2003 1563 2066 substitutiones
1627 2003 1883 2066 illicitas
1953 2004 2228 2066 nimium
2299 2003 2487 2086 proni

579 2104 754 2167 estis.

587 2436 1025 2502 EPISTOLA
1066 2439 1954 2503 CCCCXIX.—‘rnnonA1„m
1989 2456 2464 2500 cAN‘rUARmN-

917 2563 1014 2604 s1s
1049 2562 1577 2605 Aacmnmscom
1612 2560 2131 2605 rnsrAMnN‘wM.

659 2716 1011 2780 Surnnms
1049 2704 1484 2781 deficientium
1514 2718 1956 2782 voluntatibus
1998 2737 2188 2779 suum
2230 2734 2476 2778 accom-

567 2820 832 2884 modant
869 2821 1020 2903 jura
1057 2821 1358 2897 favorem,
1400 2826 1465 2883 et
1508 2821 1644 2903 ipse
1682 2821 1859 2883 velut
1897 2819 2294 2882 inhumanus
2330 2837 2475 2899 pro-

562 2928 745 2985 vocat
774 2923 936 2985 iram
970 2923 1253 3001 Domini,
1287 2923 1399 3005 qui
1438 2922 1562 3005 piis
1609 2943 1832 2985 eorum
1877 2919 2204 2985 desideriis
2248 2918 2474 2981 obvius

561 3023 965 3087 contradicit.
1055 3024 1301 3087 Nostra
1359 3022 1619 3105 quidem
1679 3022 1976 3085 voluntas
2037 3027 2154 3097 est,
2205 3026 2271 3082 et
2331 3040 2476 3101 quae

565 3123 847 3185 Domino
891 3129 1151 3186 auctore
1195 3142 1551 3203 numquam
1594 3121 1976 3199 mutabitur,
2024 3129 2100 3184 ut
2143 3120 2475 3183 residuum

562 3224 881 3289 bonorum
922 3231 1287 3288 nostrorum
1328 3223 1684 3300 mobilium,
1728 3244 1870 3305 quae
1910 3230 2170 3305 propter
2199 3221 2473 3285 necessi-

561 3332 730 3389 tates
782 3324 1182 3401 domesticas,
1232 3330 1298 3387 et
1347 3323 1845 3388 diuturnitatem
1893 3324 2225 3405 languoris
2269 3343 2474 3404 usque

567 3430 649 3493 ad
678 3429 923 3494 exitum
954 3428 1099 3492 vitae
1130 3428 1431 3491 duximus
1462 3428 1915 3505 conservanda,
1947 3427 2019 3489 in
2052 3447 2207 3490 usus
2237 3446 2474 3508 paupe-

560 3556 709 3598 rum
754 3534 1020 3597 omnino
1050 3532 1305 3607 cedant,
1337 3531 1691 3596 secundum
1728 3531 1900 3614 quod
1935 3529 2120 3594 nobis
2151 3528 2473 3593 Dominus

561 3637 915 3719 inspiravit,
941 3637 1106 3698 sicut
1140 3634 1434 3697 dedimus
1463 3634 1534 3695 in
1564 3632 1887 3696 mandatis
1911 3631 2257 3695 venerabili
2287 3630 2471 3693 fratri

559 3747 779 3802 nostro
831 3736 1110 3802 Waltero
1164 3735 1452 3800 Roffensi
1505 3736 1816 3819 episcopo,
1869 3732 2163 3798 fidelibus
2211 3732 2468 3809 nostris,

562 3842 858 3925 Philippo
939 3839 1317 3905 cancellario
1386 3845 1627 3917 nostre,
1710 3837 2018 3920 magistro
2107 3835 2456 3920 R[adulfo]

563 3943 956 4022 Lexoviensi,
1009 3952 1075 4006 et
1134 3944 1175 4005 J
1178 3941 1375 4006 oanni
1428 3939 1508 4004 de
1563 3940 1932 4003 Saresberia
1983 3959 2142 4022 quos
2195 3939 2466 4002 eleemo-

562 4066 737 4128 synae
780 4054 1015 4109 nostrae
1060 4044 1504 4127 dispensandae
1555 4043 1993 4126 praefecimus:
2053 4048 2119 4106 et
2163 4041 2464 4105 omnibus

556 4148 868 4211 ministris
911 4156 978 4212 et
1019 4146 1316 4211 fidelibus
1360 4146 1596 4210 nostris
1640 4167 1754 4229 per
1797 4145 1990 4208 fidem
2036 4165 2229 4228 quam
2275 4142 2463 4206 nobis

562 4250 820 4328 debent,
878 4249 1294 4333 injunximus,
1354 4257 1430 4312 ut
1487 4250 1629 4312 istis
1702 4248 2169 4330 obtemperent,
2231 4251 2297 4307 et
2370 4244 2462 4306 eis

560 4354 779 4416 omnia
821 4361 1043 4417 nostra
1085 4359 1428 4434 exponant,
1470 4352 1707 4415 amicos
1752 4351 1905 4415 cleri
1953 4369 2176 4414 omnes
2224 4346 2463 4429 suppli-

561 4456 719 4519 citer
763 4476 1116 4532 exoramus,
1161 4461 1237 4517 ut
1289 4475 1404 4536 pro
1449 4454 1886 4517 misericordia
1937 4449 2204 4516 Domini
2256 4447 2463 4512 omni-

649 4586 754 4621 cu..
783 4584 895 4619 rot.
945 4583 1059 4617 von.
1086 4584 1143 4617 11.
1517 4577 1568 4618 M
