3200 5392
608 862 745 905 Αα).
784 841 1177 926 1161-89.]
1232 880 1237 885 -
1276 860 1610 915 esseron-4:
1643 860 1960 916 (summm.
2395 846 2511 909 191

610 977 912 1057 omnibus
944 977 1262 1041 exhibere.
1354 977 1551 1049 Unde
1580 998 1702 1041 nec
1744 977 2108 1054 interdicto,
2140 999 2263 1043 nec
2305 978 2517 1058 minis,

608 1103 730 1149 nec
771 1080 1299 1157 maledictionum
1344 1081 1584 1155 aculeis,
1627 1081 1710 1153 ad
1754 1081 2260 1153 satisfactionem
2302 1083 2523 1166 urgeri

607 1205 867 1265 necesse
898 1190 995 1255 est
1027 1183 1387 1259 divinarum
1419 1205 1486 1251 se
1528 1184 1750 1267 legum
1780 1184 2060 1254 examini
2099 1190 2328 1268 sponte
2373 1185 2521 1251 sub-

610 1286 893 1353 dentem.
983 1286 1142 1370 Ejus
1186 1285 1361 1351 enim
1398 1307 1592 1369 opera
1634 1308 2046 1370 nequaquam
2084 1287 2216 1353 luci
2259 1309 2328 1351 se
2371 1287 2521 1353 sub-⁴

607 1388 900 1469 trahunt,
925 1409 1047 1453 nec
1076 1388 1385 1455 occultari
1406 1387 1692 1471 tenebris
1716 1388 1851 1459 ulla
1871 1389 2123 1457 ratione
2145 1389 2520 1473 deposcunt.

608 1492 749 1571 Rex,
793 1512 1072 1575 namque
1116 1491 1243 1571 fide
1288 1491 1902 1570 christianissimuS,
1947 1492 2017 1555 in
2062 1493 2290 1576 copula
2333 1493 2522 1571 casti-

607 1594 842 1674 moniae
899 1594 1255 1678 conjugalis
1313 1594 1826 1672 honestissimus,
1889 1595 2064 1678 pacis
2123 1602 2190 1661 et
2248 1596 2523 1678 justitiae

608 1705 1015 1773 conservator
1066 1718 1139 1760 ac
1191 1696 1494 1773 dilatator
1550 1697 2139 1780 incomparabiliter
2198 1706 2519 1778 strenuus,

603 1799 727 1863 hoc
772 1799 936 1865 votis
988 1799 1141 1881 agit,
1186 1799 1468 1881 totisque
1513 1800 1585 1865 in
1629 1800 1752 1869 hoc
1802 1800 2004 1869 fervet
2052 1800 2399 1881 desideriiS,
2445 1809 2521 1866 ut

607 1902 687 1966 de
730 1923 932 1981 regno
977 1923 1093 1967 suo
1131 1902 1446 1983 tollantur
1486 1903 1808 1981 scandala,
1840 1925 1991 1971 cum
2031 1905 2352 1986 spurcitiis
2387 1905 2520 1968 suis

611 2005 1028 2069 eliminentur
1070 2009 1351 2085 peccata,
1388 2025 1512 2085 pax
1556 2011 1772 2069 totum
1817 2003 2108 2071 obtineat
2152 2012 2346 2088 atque
2383 2006 2519 2088 jus-

608 2106 774 2183 titia,
829 2113 894 2169 et
946 2104 1079 2168 alta
1130 2105 1473 2169 securitate
1526 2111 1592 2169 et
1645 2105 1861 2187 quiete
1911 2106 2163 2188 placida
2212 2106 2330 2171 sub
2380 2107 2520 2189 ipso

610 2207 935 2289 gaudeant
976 2213 1043 2279 et
1082 2207 1427 2280 refloreant
1465 2207 1782 2277 universa.
1877 2207 2009 2275 Qui
2054 2229 2252 2290 quum
2297 2229 2520 2290 pacem

606 2311 792 2394 regni
823 2310 922 2374 sui
957 2309 1206 2374 enormi
1246 2309 1665 2385 insolentium
1698 2310 2103 2393 quorundam
2144 2311 2520 2377 clericorum

609 2435 871 2479 excessu
908 2434 1045 2487 non
1074 2412 1483 2479 mediocriter
1517 2412 1865 2497 aliquando
1893 2413 2144 2477 turbari
2182 2434 2524 2496 cognosce·

602 2524 724 2595 ret,
772 2517 943 2589 clero
986 2514 1273 2581 debitam
1318 2515 1628 2581 exhibens
1671 2515 2118 2594 reverentiam,
2164 2516 2517 2581 eorundem

606 2641 898 2685 excessus
928 2619 1012 2683 ad
1041 2619 1322 2683 ecclesiae
1354 2617 1606 2701 judices
1640 2618 1864 2685 retulit
1895 2618 2241 2702 episcopos,
2272 2625 2349 2683 ut
2385 2620 2519 2702 gla-.

607 2724 714 2787 dio
765 2723 1013 2806 gladius
1061 2720 1450 2799 subveniret,
1499 2728 1565 2784 et
1612 2742 1853 2805 pacem,
1900 2743 2095 2804 quam
2139 2721 2407 2805 regebat
2454 2731 2521 2787 et

605 2825 859 2901 fovebat
917 2825 990 2900 in
1038 2824 1295 2908 popule,
1349 2823 1701 2907 spiritualis
1748 2831 2032 2907 potestas
2090 2825 2393 2891 fundaret
2454 2833 2520 2890 et

607 2929 907 3003 solidaret
944 2928 1017 2992 in
1048 2928 1236 2990 clerc.
1330 2927 1478 2997 Qua
1511 2927 1583 2989 in
1624 2949 1694 2995 re
1733 2927 1935 3010 partis
1965 2927 2303 3011 utriusque
2346 2929 2521 2992 zelus

607 3031 877 3107 enituit:
924 3030 1366 3114 episcoporum
1394 3030 1467 3100 in.
1496 3030 1621 3097 hoc
1660 3037 1874 3105 stante
1911 3029 2175 3113 judicio,
2208 3036 2283 3095 ut
2310 3031 2519 3095 homi!

607 3134 868 3211 cidium,
928 3141 995 3207 et
1064 3133 1330 3219 siquid
1388 3133 1762 3217 hujusmodi
1821 3142 1938 3212 est,
1999 3136 2517 3217 exauctoratione

609 3237 745 3305 sola
776 3222 1118 3319 puniretur
1149 3236 1221 3299 in
1250 3236 1479 3303 clerico
1501 3262 1519 3314 3
1565 3249 1728 3320 rege
1746 3258 1896 3300 vero
1937 3237 2344 3309 existimante
2384 3243 2518 3321 poe-.

606 3360 762 3402 nam
790 3339 959 3405 hane
988 3359 1122 3412 non
1152 3338 1470 3421 condigne
1508 3339 1901 3423 respondere
1932 3339 2196 3422 flagitio,
2231 3361 2352 3404 nec
2387 3348 2516 3404 sta-

603 3441 906 3517 biliendae
948 3442 1091 3531 paci
1130 3441 1296 3513 bene
1339 3442 1633 3524 prospici,
1673 3442 1744 3528 si„
1776 3442 1979 3507 lector
2022 3448 2136 3505 aut
2181 3443 2517 3526 acolythus

604 3567 993 3630 quemqnam
1031 3545 1326 3628 perimat,
1350 3553 1434 3609 'ut
1481 3546 1620 3617 sola
1655 3547 1793 3629 jam
1838 3545 1995 3610 dicti
2038 3545 2280 3609 ordinis
2326 3546 2514 3610 amis-

603 3651 780 3717 sione
837 3657 1023 3715 tutus
1081 3649 1333 3719 existat.
1428 3647 1625 3712 Clero
1682 3649 1899 3732 itaque
1960 3654 2204 3715 statuto
2263 3649 2523 3714 coelitus

602 3754 815 3831 ordini
858 3753 1209 3830 deferente,
1249 3751 1511 3815 domino
1555 3773 1703 3815 vero
1745 3772 1898 3832 rege
1941 3758 2276 3835 peccatum
2313 3754 2513 3836 juste,

603 3877 721 3935 ceu
765 3864 998 3939 sperat,
1043 3856 1192 3920 odio
1234 3861 1681 3938 persequente,
1728 3862 1794 3919 et
1843 3876 2067 3938 pacem
2111 3856 2302 3921 altius
2345 3857 2515 3921 radi-

603 3979 746 4033 care
774 3959 1175 4037 intendente,
1202 3965 1425 4025 sancta
1453 3958 1752 4042 quaedam
1777 3958 2005 4025 oborta
2034 3965 2132 4022 est
2163 3960 2512 4037 contenti0‚

606 4082 797 4144 quam
837 4068 1117 4139 excusat,
1150 4069 1225 4125 ut
1269 4061 1610 4139 credimUS,
1650 4060 1822 4144 apud
1854 4061 2211 4127 Dominum
2244 4062 2514 4144 simplex

602 4163 939 4247 utriusque
997 4165 1199 4247 partis
1246 4164 1545 4231 intentio,
1640 4162 1817 4229 Hinc
1866 4186 2003 4228 non
2055 4164 2512 4227 dominationis

605 4266 873 4345 ambitu,
913 4288 1048 4339 non
1090 4266 1524 4349 opprimendae
1564 4265 2005 4331 ecclesiasticae
2053 4264 2369 4329 libertatis
2413 4264 2513 4326 in-

600 4369 797 4446 tuitu,
859 4369 973 4441 sed
1031 4369 1381 4437 solidandae
1437 4370 1613 4452 pacis
1672 4370 1910 4435 affectu
1969 4389 2044 4432 eo
2101 4389 2515 4452 progressum

601 4480 720 4551 est,
766 4479 843 4539 ut
885 4472 1073 4556 regni
1122 4472 1224 4537 sui
1269 4472 1768 4553 consuetudines
1812 4480 1881 4537 et
1931 4471 2300 4556 dignitates,
2346 4472 2512 4555 regi-
