3200 5392
680 785 805 847 168
1349 803 1668 853 rluoauu
1701 803 1898 847 cAN‘r.

677 920 951 998 deranti,
1004 919 1177 1003 quod
1235 920 1559 984 sententia
1618 920 1741 983 ista
1799 941 1878 983 ex
1938 939 2050 982 ore
2109 917 2355 982 domini
2412 919 2582 1001 regis

678 1023 946 1086 minime
989 1022 1313 1106 processit,
1345 1043 1488 1106 quae
1532 1043 1651 1086 nos
1697 1022 1995 1086 adversus
2040 1020 2583 1104 archiepiscopum

678 1132 994 1203 nostrum,
1046 1131 1273 1189 contra
1330 1145 1588 1208 aequum
1648 1132 1713 1189 et
1771 1124 2037 1201 bonum,
2092 1123 2584 1206 appellationem

677 1228 887 1291 facere
917 1227 1262 1310 compellit.
1356 1227 1426 1289 Si
1466 1227 1641 1291 enim
1681 1247 1790 1290 ore
1831 1226 2030 1309 ipsius
2071 1224 2312 1289 dictata
2339 1226 2584 1302 fuisset,

679 1329 803 1395 hoe
841 1329 1151 1392 nimirum
1189 1328 1412 1392 ordine
1452 1326 1846 1411 procederet,
1877 1334 1953 1390 ut
1992 1326 2272 1410 primum
2309 1326 2587 1409 episcopi

683 1452 925 1509 omnes,
974 1430 1205 1494 deinde
1253 1430 1518 1494 abbates
1569 1451 1814 1508 omnes,
1864 1438 2089 1512 postea
2139 1429 2410 1512 priores,
2450 1429 2586 1511 qui-

682 1554 957 1617 cumque
1009 1533 1197 1617 alicuj
1205 1554 1280 1595 us
1332 1533 1736 1597 auctoritatis
1789 1539 1963 1609 sunt,
2017 1552 2261 1609 omnes,
2315 1531 2586 1595 archidi-

686 1637 874 1701 aconi
922 1656 1172 1718 quoque
1223 1642 1289 1699 et
1341 1634 1569 1699 decani
1619 1656 1844 1699 omnes
1905 1634 1986 1698 ad
2043 1634 2166 1698 hoc
2223 1633 2586 1698 faciendum

683 1745 1082 1816 vocarentur,
1115 1759 1389 1821 quorum
1416 1738 1687 1801 interest
1724 1738 1874 1820 jura
1913 1736 2340 1801 ecclesiastica
2369 1736 2586 1800 defen-

685 1842 855 1919 dere,
887 1847 953 1904 et
982 1862 1099 1924 pro
1128 1840 1219 1903 eis
1249 1839 1708 1923 appellationes
1737 1839 1965 1903 facere.
2055 1838 2163 1902 Ad
2193 1846 2589 1921 postremum

685 1964 853 2021 vero,
885 1942 938 2006 si
969 1963 1226 2006 necesse
1256 1950 1443 2020 esset,
1476 1941 1775 2006 monachi
1805 1942 2197 2018 claustrales,
2239 1940 2590 2024 praesertim

684 2046 755 2110 hi
786 2046 897 2129 qui
927 2044 1160 2109 abbate
1204 2051 1271 2109 et
1315 2044 1524 2127 priore
1554 2053 1796 2122 carent,
1831 2044 1912 2106 ad
1959 2042 2402 2126 appellationis
2446 2063 2589 2125 sup-

687 2150 1089 2232 plementum
1118 2146 1445 2210 humiliter
1473 2152 1875 2229 rogarentur,
1906 2167 2038 2209 non
2068 2144 2379 2209 violenter
2422 2165 2593 2207 com-

690 2252 1116 2335 pellerentur:
1163 2250 1440 2314 maxime
1479 2271 1629 2313 cum
1667 2249 1749 2312 ad
1787 2270 1895 2313 eos
1935 2248 2306 2332 hujusmodi
2336 2247 2596 2330 negotia

691 2354 956 2417 minime
1015 2353 1335 2435 pertinere
1385 2358 1755 2415 noscantur.
1845 2352 2044 2415 Nunc
2102 2372 2249 2414 vero
2307 2350 2597 2413 transitis

693 2454 1034 2520 abbatibus
1074 2454 1316 2531 multis,
1358 2454 1677 2536 prioribus
1717 2455 1914 2518 etiam
1957 2461 2092 2518 tam
2137 2454 2598 2519 monachorum

692 2579 887 2642 quam
925 2555 1399 2634 canonicorum,
1443 2578 1697 2640 magnae
1737 2558 2141 2622 auctoritatis
2183 2558 2330 2621 viris
2368 2565 2595 2641 praete-

692 2660 833 2724 ritis
868 2658 1198 2737 universis,
1230 2658 1694 2724 archidiaconis
1740 2681 1992 2743 quoque
2036 2667 2103 2723 et
2149 2659 2405 2724 decanis
2450 2681 2598 2723 cum

694 2763 826 2828 suis
870 2761 1129 2846 synodis
1173 2768 1241 2825 et
1284 2762 1581 2845 capitulis
1626 2763 1944 2846 plerisque
1989 2763 2286 2841 dimissis,
2319 2763 2471 2846 quid
2501 2768 2599 2825 est

696 2865 868 2949 quod
906 2863 1206 2928 monachi
1247 2863 1620 2948 simpliciter
1659 2866 2050 2945 claustrales,
2082 2866 2315 2931 abbate
2361 2873 2425 2928 et
2469 2865 2596 2948 pri-

697 2990 807 3034 ore
836 2974 1147 3046 carentes,
1179 2967 1260 3031 ad
1299 2967 1467 3032 hanc
1499 2968 1733 3051 quietis
1774 2976 2011 3032 nostrae
2049 2966 2598 3051 perturbationem

698 3071 1055 3155 specialiter
1099 3092 1231 3154 prae
1280 3058 1524 3135 caeteris
1571 3091 1926 3149 evocamur,
1976 3077 2042 3134 et
2093 3069 2176 3133 ad
2226 3091 2364 3134 rem
2414 3068 2601 3133 nobis

696 3182 834 3238 tam
877 3174 1190 3252 illicitam,
1234 3180 1372 3238 tam
1415 3174 1857 3258 periculosam,
1889 3180 1955 3237 et
1997 3174 2070 3236 in
2114 3172 2412 3236 omnibus
2456 3178 2602 3255 post

697 3278 933 3342 futuris
984 3279 1232 3342 saeculis
1284 3298 1434 3342 cum
1478 3277 1760 3341 maximo
1811 3275 1998 3339 nobis
2048 3275 2386 3358 opprobrio
2436 3296 2600 3338 sem-

699 3401 815 3463 per
856 3378 1305 3464 objiciendam,
1336 3386 1472 3442 tam
1505 3378 1814 3443 violenter
1842 3377 2286 3460 compellimur
2305 3378 2334 3438 ⁴?
2425 3375 2603 3441 Quid

701 3482 863 3560 dico,
894 3481 1251 3546 violenter?
1341 3480 1554 3543 Immo
1598 3502 1748 3544 cum
1791 3487 1977 3544 tanto
2021 3486 2086 3543 et
2131 3499 2280 3543 cum
2323 3485 2459 3542 tam
2503 3479 2603 3541 in-

701 3583 983 3647 evitabili
1021 3582 1305 3665 periculo
1334 3581 1456 3645 hoc
1484 3583 1695 3646 facere
1735 3582 2198 3665 compellimur,
2228 3588 2306 3645 ut
2346 3582 2401 3644 si
2438 3581 2604 3663 peri-

702 3685 938 3762 culum,
970 3683 1143 3766 quod
1171 3683 1251 3746 ab
1282 3682 1380 3747 ira
1406 3683 1583 3764 regia
1612 3683 1798 3747 nobis
1832 3685 2151 3761 imminet,
2182 3685 2236 3747 si
2280 3684 2339 3747 ei
2381 3683 2604 3747 inobe-

702 3786 949 3849 dientes
989 3784 1318 3863 fuerimus,
1360 3806 1476 3867 per
1515 3807 1900 3850 consensum
1939 3786 2383 3870 appellationis
2412 3785 2605 3850 decli-

700 3908 857 3952 nare
896 3893 1242 3965 tentemus,
1283 3889 1493 3972 majus
1532 3887 1684 3953 hinc
1722 3889 2081 3972 periculum
2127 3890 2347 3953 statim
2388 3888 2604 3952 incur-

700 4011 940 4068 ramus,
974 3989 1146 4073 quod
1173 3990 1473 4054 imminet
1503 3989 1691 4054 nobis
1733 4012 1772 4053 a
1811 3992 1952 4055 Deo
1990 3991 2062 4053 in
2102 3989 2605 4067 damnationem,

704 4116 744 4158 a
772 4093 1032 4157 domino
1061 4114 1243 4176 papa,
1276 4100 1341 4158 et
1372 4093 1452 4157 ab
1485 4092 1956 4176 archiepiscopo
1996 4093 2352 4176 praesertim
2389 4092 2463 4155 in
2501 4113 2608 4156 ex-

704 4196 1371 4275 communicationem,
1420 4196 1519 4260 vel
1577 4203 1751 4260 certe
1809 4195 1879 4257 in
1939 4195 2179 4259 ordinis
2235 4195 2443 4260 nostri
2502 4195 2610 4258 de-

705 4301 1145 4377 structionem,
1199 4298 1280 4362 ab
1340 4297 1640 4385 omnibus
1702 4297 2190 4381 archiepiscopis
2246 4298 2483 4362 futuris
2540 4298 2613 4360 in

708 4411 1015 4468 aeternam
1075 4403 1206 4468 odii
1263 4410 1329 4467 et
1389 4402 1813 4484 depressionis
1863 4404 2282 4482 occasionem,
2331 4402 2414 4467 ab
2466 4402 2611 4465 uni-
