3200 5392
739 749 870 816 274
1459 767 1928 815 nmscorontm

738 883 1059 950 audiendo
1102 881 1322 969 quales
1367 905 1504 950 esse
1547 885 1878 965 debemus,
1917 886 2206 951 nitamur
2250 909 2467 953 coram
2510 891 2652 956 Deo

742 1007 1047 1073 apparere
1092 985 1266 1072 quod
1301 987 1592 1053 dicimur.
1683 987 1768 1054 In
1810 989 1913 1054 his
1956 990 2259 1055 omnibus
2302 992 2649 1059 innotescit

738 1089 926 1156 nobis
965 1109 1118 1173 erga
1155 1109 1275 1155 nos
1311 1090 1512 1154 animi
1549 1091 1745 1155 vestri
1789 1090 2141 1170 sinceritas,
2174 1091 2327 1175 quia
2367 1093 2650 1177 profecto

738 1193 868 1258 nisi
910 1193 1263 1277 plurimum
1299 1192 1651 1276 diligeretis
1685 1211 1825 1271 nos,
1854 1214 1989 1258 non
2027 1194 2299 1279 possetis
2339 1202 2476 1261 tam
2521 1198 2649 1261 sin-

740 1318 925 1362 cerus
955 1302 1021 1394 et
1049 1303 1188 1361 tam
1217 1297 1425 1375 verax,
1455 1296 1607 1361 licet
1650 1296 1918 1379 indigne
1949 1296 2030 1361 de
2057 1296 2247 1361 nobis
2276 1299 2434 1362 talia
2461 1301 2658 1383 profi-

739 1402 884 1465 teri.
977 1399 1171 1466 Quod
1214 1407 1523 1484 superest,
1552 1400 1706 1465 licet
1748 1400 1820 1464 in
1856 1419 2171 1484 magnum
2209 1401 2470 1466 honoris
2515 1403 2647 1486 api-

739 1526 882 1570 cem
904 1503 1122 1568 divina
1140 1521 1251 1567 vos
1275 1499 1565 1586 dignatio
1587 1503 1962 1583 evocaverit,
1984 1503 2402 1569 nihilominus
2424 1511 2646 1569 tamen

739 1630 950 1672 unum
992 1606 1072 1672 de
1116 1606 1496 1691 specialibus
1540 1606 1983 1673 Cluniacensis
2023 1607 2300 1673 ecclesiae
2344 1608 2493 1672 filiis
2534 1627 2648 1672 vos

741 1731 879 1777 esse
922 1710 1386 1795 praesumimus.
1478 1709 1675 1776 Unde
1715 1711 1868 1794 quia
1908 1712 2091 1776 nullo
2134 1716 2321 1795 pacto
2354 1732 2464 1775 vos
2504 1731 2644 1776 eru-

739 1813 997 1879 bescere
1041 1814 1359 1879 credimus
1404 1813 1488 1879 ad
1533 1835 1774 1879 nomen
1817 1815 2044 1879 matris
2087 1835 2229 1898 quae
2258 1833 2368 1880 vos
2412 1815 2484 1879 in
2513 1815 2647 1880 Do-

737 1918 916 1984 mino
959 1937 1073 2002 per
1110 1917 1511 2001 evangelium
1559 1918 1807 2001 genuit,
1838 1937 2141 2002 rogamus
2182 1925 2257 1983 ut
2300 1925 2437 1983 tam
2482 1919 2653 2003 apud

741 2021 1077 2086 dominum
1127 2042 1347 2105 regem
1397 2021 1767 2105 Anglorum
1825 2043 2021 2105 quam
2073 2022 2247 2105 apud
2305 2022 2464 2086 alios
2521 2024 2649 2107 pri-

738 2143 948 2190 mores
997 2124 1183 2208 regni
1230 2141 1348 2209 pro
1395 2125 1534 2209 ejus
1585 2125 1865 2208 negotiis
1918 2125 2227 2189 sollicitus
2273 2125 2648 2189 intendatis.

737 2226 1141 2293 Venerabilis
1182 2228 1383 2292 frater
1423 2233 1644 2292 noster
1688 2228 1989 2292 dominus
2021 2228 2160 2292 Arn
2176 2228 2450 2313 [oldus],
2480 2229 2648 2293 lator

734 2332 1171 2417 praesentium,
1200 2332 1297 2395 vir
1325 2332 1551 2415 utique
1596 2338 1916 2416 quantum
1947 2330 2266 2396 credimus
2306 2332 2641 2415 religiosus

735 2441 803 2500 et
846 2440 1168 2513 strenuus,
1214 2440 1428 2498 cetera
1471 2455 1615 2517 quae
1666 2434 1942 2499 dicenda
1984 2443 2332 2518 supersunt
2378 2454 2636 2498 venera-

733 2536 900 2601 tioni
927 2542 1154 2600 vestrae
1190 2536 1443 2621 plenius
1476 2535 1828 2603 intimabit.
1919 2537 2147 2621 Ipsum
2180 2538 2353 2621 apud
2380 2559 2490 2603 vos
2521 2538 2643 2601 sol-

734 2638 971 2702 licitius
1015 2639 1153 2703 esse
1204 2639 1498 2704 volumus
1545 2640 2091 2705 commendatum.
2184 2641 2644 2725 Compatimini

734 2738 929 2802 matri
956 2743 1182 2803 vestrae
1210 2744 1278 2802 et
1306 2760 1460 2821 erga
1501 2739 1708 2823 ipsam
1742 2739 2004 2823 pietatis
2034 2738 2277 2804 viscera
2307 2761 2442 2804 non
2470 2740 2643 2804 clau-

737 2839 924 2919 datis,
962 2862 1105 2924 quae
1146 2841 1370 2906 multis
1416 2863 1494 2906 ex
1538 2842 1746 2907 causis
1791 2864 1830 2906 a
1871 2842 2069 2926 longo
2111 2850 2400 2926 tempore
2442 2842 2643 2906 tantis

735 2943 1159 3009 incommodis
1205 2943 1441 3009 detrita
1479 2951 1597 3023 est,
1634 2952 1710 3008 ut
1751 2943 1855 3008 vix
1888 2945 2027 3028 jam
2065 2945 2273 3010 valeat
2308 2945 2641 3029 respirare.

737 3046 840 3110 De
867 3046 1068 3111 fratre
1098 3046 1383 3113 Roberto
1414 3043 1569 3112 Broi
1597 3047 1867 3112 fecimus
1898 3046 2069 3131 quod
2095 3048 2391 3132 rogastis.

751 3365 1194 3432 EPISTOLA
1237 3364 2173 3432 CCCCLXXIX.—nsusnnn
2205 3386 2297 3430 An
2330 3383 2638 3431 EUNDEM.

748 3517 1098 3582 Venerabili
1147 3523 1209 3581 et
1254 3518 1579 3581 carissima
1609 3515 1819 3598 fratri
1867 3537 1999 3595 suc,
2046 3507 2343 3599 mayistro
2397 3517 2472 3579 G.
2519 3517 2644 3579 Dei

814 3621 1032 3703 qratia
1059 3620 1473 3685 Londoniensi
1501 3621 1801 3703 episcopo,
1832 3620 2070 3684 eoecelso
2104 3620 2171 3681 in
2198 3618 2379 3681 verbo
2401 3620 2640 3701 ylorioe,

799 3720 1022 3801 frater
1077 3724 1164 3785 H.
1223 3724 1472 3786 humilis
1532 3722 1956 3786 Cbum'acensis
2015 3720 2222 3799 abbas,
2272 3723 2534 3785 salutem
2580 3728 2642 3786 et

815 3824 1120 3887 sincerum
1149 3844 1438 3887 amorem.

816 3973 1032 4039 QUUM
1062 3974 1306 4058 religi0,
1331 3974 1665 4059 sapientia,
1689 3980 1755 4039 et
1786 3975 2174 4060 eloquentia,
2207 3979 2334 4060 qu'a
2361 3997 2635 4060 persona

728 4081 957 4144 vestra*
978 4079 1207 4142 ornata
1246 4084 1363 4158 est,
1402 4078 1685 4144 ecclesiae
1729 4079 1856 4143 Dei
1894 4079 2102 4144 honor
2138 4080 2242 4158 sit,
2282 4079 2379 4143 illi
2415 4086 2638 4144 tamen

729 4181 1020 4267 specialis
1049 4187 1148 4247 est
1178 4182 1397 4266 gloria,
1424 4203 1566 4266 quae
1595 4182 1667 4246 in
1691 4182 1949 4246 Christo
1976 4203 2088 4247 vos
2119 4182 2367 4265 genuit,
2388 4189 2454 4247 et
2482 4182 2639 4247 ube-

728 4286 909 4351 ribus
955 4285 1086 4350 suis
1129 4285 1409 4350 lactavit.
1499 4285 1700 4364 Felix,
1730 4285 2018 4368 inquam,
2051 4284 2495 4350 Cluniacensis
2539 4306 2639 4350 ec-

729 4389 937 4467 clesia,
968 4410 1111 4472 quae
1150 4389 1388 4454 meruit
1417 4388 1616 4453 talem
1650 4386 1888 4453 habere
1923 4388 2148 4467 filium,
2183 4388 2294 4472 qui
2325 4394 2492 4453 esset
2521 4389 2636 4452 flos
