3200 5392
2121 317 2135 329 d

548 1089 955 1176 Quicumque
1000 1091 1202 1175 igitur
1248 1091 1392 1157 Deo
1443 1094 1694 1176 placere
1744 1092 2080 1172 desiderat,
2127 1116 2205 1158 ex
2255 1094 2448 1160 bene-

543 1193 704 1257 ficiis
751 1194 873 1258 sibi
921 1194 1226 1258 divinitus
1274 1196 1541 1274 collatis,
1589 1195 1978 1279 pauperibus
2025 1218 2286 1281 erogare
2335 1199 2448 1263 ali·-

546 1296 683 1360 enis
714 1297 1200 1362 necessitatibus
1242 1297 1580 1362 subvenire
1620 1299 1940 1378 intendat,
1972 1307 2047 1364 ut
2089 1323 2127 1363 a
2166 1301 2450 1371 Domino

544 1399 626 1463 ob
657 1398 810 1482 ipsis
840 1400 1091 1479 collata,
1124 1400 1227 1464 die
1256 1400 1368 1463 illa
1397 1400 1468 1463 in
1498 1401 1875 1485 centuplum
1907 1402 2188 1485 recipere
2218 1404 2446 1467 valeat.

546 1502 741 1567 Unde
794 1503 946 1586 quia
1005 1525 1083 1567 ex
1139 1503 1436 1588 injuncto
1486 1503 1675 1567 nobis
1727 1505 1933 1569 officio
1978 1505 2175 1569 vestri
2226 1527 2446 1569 curam

544 1606 845 1687 gerimuS,
894 1613 1169 1669 vestram
1231 1606 1575 1670 studiosius
1634 1607 2108 1673 fraternitatem
2165 1629 2444 1672 commo—

543 1730 791 1787 nemus,
843 1709 1146 1792 quatinus
1197 1716 1274 1771 ut
1326 1715 1391 1772 et
1443 1709 1848 1793 eleemosyna
1895 1717 2105 1773 vestra
2154 1710 2444 1793 pluribus

543 1811 613 1872 in
643 1812 1007 1894 exemplum
1036 1811 1190 1874 boni
1220 1812 1427 1893 operis
1457 1819 1674 1894 pateat
1706 1811 2075 1876 attendatis.

1 975 14 1246 μ
541 976 674 1020 ΑΛ).
716 954 1107 1043 1161-89,]
1201 977 1681 1022 ιοΝυοΝῐΕΝεῐε
1712 976 2062 1023 EPISTOLAE.
2359 961 2445 1027 49

815 2092 1259 2156 EPISTOLA
1303 2091 1920 2157 CCCXXIII.—An
1956 2140 2178 2157 .....

632 2240 1041 2305 Non-nunus
1070 2242 1428 2305 innotuisse
1460 2241 1796 2319 credimus,
1830 2248 2071 2324 quanto
2109 2241 2446 2306 foveantur

548 2343 774 2406 solatio
829 2365 1141 2426 pauperes
1202 2342 1444 2406 Christi
1518 2341 1906 2406 divertentes
1980 2342 2060 2405 ad
2133 2342 2446 2425 hospitale

536 2447 727 2529 juxta
755 2454 1050 2510 sanctum
1081 2447 1626 2509 Bartholomaeum
1655 2446 1726 2508 in
1756 2445 2113 2523 Londonia,
2146 2451 2212 2508 et
2243 2466 2443 2527 quan-

540 2550 626 2612 tis
662 2558 848 2637 egeat
879 2551 1107 2613 domus
1136 2549 1265 2626 illa,
1300 2569 1441 2631 quae
1470 2555 1569 2612 tot
1599 2547 1884 2612 millibus
1914 2547 2184 2630 singulis
2217 2546 2444 2612 diebus

543 2657 639 2714 est
671 2651 1026 2714 necessaria
1054 2659 1119 2714 et
1151 2651 1450 2714 solatium
1478 2650 1802 2714 ministrat
1831 2650 2161 2714 universis.
2226 2645 2444 2734 Hujus

544 2774 695 2835 ergo
724 2760 860 2817 tam
889 2753 1200 2835 religiosae
1231 2755 1459 2816 domus
1494 2753 1760 2833 intuitu,
1792 2754 2278 2818 universitatem
2306 2774 2442 2817 ves·
2551 2776 2556 2780 ·

541 2863 710 2919 tram
739 2855 1076 2919 hortamur
1114 2856 1447 2934 attentius,
1479 2864 1781 2939 rogantes
1822 2863 1887 2920 et
1927 2856 2334 2920 obsecrantes
2372 2855 2444 2919 in

542 2957 843 3036 Domin0,
876 2967 942 3022 et
983 2959 1055 3021 in
1101 2958 1538 3023 remissionem
1579 2959 1757 3022 vobis
1793 2960 2210 3043 injungentes
2250 2958 2441 3022 delic-

540 3068 777 3139 torum,
811 3060 1113 3144 quatinus
1141 3061 1376 3124 latores
1416 3060 1851 3143 praesentium,
1883 3060 2149 3123 nuntios
2192 3067 2259 3123 et
2296 3080 2443 3142 pro-

542 3170 867 3227 curatores
894 3163 1065 3226 iuius
1093 3162 1473 3227 venerabilis
1502 3163 1645 3241 loci,
1677 3161 1960 3245 benigne
1998 3162 2173 3226 inter
2211 3183 2317 3225 vos
2360 3163 2441 3226 ad

541 3263 993 3328 seminandum
1032 3262 1160 3326 Dei
1200 3263 1467 3327 verbum
1506 3264 1846 3347 recipiatis,
1877 3268 1943 3327 et
1981 3263 2287 3327 fratribus
2329 3265 2441 3346 qui

539 3365 782 3430 ibidem
822 3372 995 3442 sunt,
1035 3363 1262 3427 divinis
1303 3365 1653 3445 mancipati
1692 3363 2028 3446 obsequiis,
2068 3385 2184 3446 per
2221 3385 2329 3427 vos
2373 3373 2440 3428 et

538 3488 656 3551 per
685 3467 1052 3531 commissos
1091 3465 1269 3529 vobis
1311 3466 1597 3549 populos,
1630 3463 1941 3529 beneficia
1984 3471 2051 3528 et
2094 3465 2440 3547 eleemosy-

533 3592 768 3634 narum
824 3569 1164 3652 largitione
1222 3568 1721 3633 misericorditer
1778 3565 2189 3630 subveniatis.
2296 3566 2438 3629 Nos

538 3693 791 3756 quoque
836 3672 917 3736 de
962 3671 1177 3737 divina
1220 3671 1444 3737 confisi
1487 3669 1937 3748 misericordia,
1985 3667 2284 3733 omnibus
2328 3668 2440 3752 qui

537 3797 653 3858 pro
683 3773 968 3861 a[more]
1003 3773 1132 3838 Dei
1168 3775 1422 3857 aliquod
1469 3774 1563 3837 illi
1606 3772 1823 3837 domui
1864 3770 2248 3837 beneficium
2288 3792 2439 3836 con-

539 3878 829 3956 tulerint,
860 3877 1151 3941 omnium
1182 3878 1547 3941 orationum
1587 3882 1654 3940 et
1693 3875 2150 3940 beneficiorum
2185 3875 2442 3939 Londo-

542 3979 782 4044 niensis
812 3980 1092 4045 ecclesiae
1121 3979 1531 4044 concedimus
1561 3977 2139 4061 participationem.
2188 3976 2438 4040 Valete.

824 4263 1264 4328 EPISTOLA
1309 4263 1906 4328 CCCXXIV.·—An
1942 4310 2161 4327 .....

811 4417 1029 4480 Gloria
1057 4423 1117 4480 et
1147 4419 1374 4481 honore
1400 4418 1468 4480 in
1484 4424 1851 4499 perpetuum
1881 4417 2183 4480 coronari.

631 4568 968 4631 Lucan-M
1009 4567 1444 4649 praesentium,
1476 4567 1683 4630 filium
1723 4571 2019 4636 nostrum
2058 4564 2137 4626 Β.
2177 4561 2447 4626 honeste

706 4706 815 4741 οη..
839 4707 952 4741 1³01..
996 4708 1114 4742 vot..
1140 4707 1201 4741 ιι.
1467 4687 1505 4729 Ε
