3200 5392
557 973 690 1015 Λα).
728 949 1120 1031 nol-89]
1224 966 1557 1010 nrlsromn
1590 966 1914 1020 QUAEDAM.
2376 948 2458 1008 95

558 1085 750 1163 diem,
790 1084 961 1147 infra
1000 1103 1190 1166 quem
1231 1082 1448 1145 sedem
1490 1064 1903 1164 apostolicam
1931 1081 2133 1164 possit
2164 1081 2461 1145 eonveni-

559 1192 745 1250 enter
774 1183 969 1264 adire,
1002 1184 1307 1267 assignes,
1338 1190 1406 1247 et
1451 1183 1505 1247 si
1548 1183 1632 1247 ad
1673 1183 1859 1248 illum
1888 1183 2106 1247 venire
2134 1190 2463 1267 contemp-

561 1290 735 1368 serit,
765 1295 844 1353 tu
882 1288 1062 1351 illum
1103 1308 1182 1351 ex
1218 1294 1380 1352 tunc
1417 1293 1534 1351 tuo
1569 1287 1816 1372 judicio
1855 1308 2048 1371 super
2083 1287 2186 1351 his
2216 1307 2358 1370 quae
2392 1288 2464 1349 in

562 1392 914 1476 quaestione
943 1397 1289 1455 vertuntur
1316 1390 1455 1453 sine
1486 1387 1993 1453 contradictione
2022 1388 2238 1471 aliqua
2276 1395 2463 1465 stare,

561 1496 740 1560 omni
783 1495 1193 1560 excusatione
1237 1500 1304 1558 et
1349 1493 1776 1577 appellatione
1820 1500 2130 1572 cessante,
2177 1491 2466 1557 districte

561 1599 922 1682 compellas.
1039 1598 1110 1660 Si
1183 1603 1403 1662 autem
1462 1596 1802 1681 quisquam
1862 1596 2276 1679 appellationi
2334 1614 2468 1660 suae

561 1707 1028 1785 congruentem
1056 1701 1409 1765 terminum
1439 1700 1748 1783 praefigat,
1778 1719 1901 1763 nec
1938 1705 2162 1763 tamen
2200 1719 2346 1763 eam
2385 1699 2468 1763 ad

564 1803 737 1869 diem
777 1803 1223 1888 appellationis
1259 1803 1456 1867 fuerit
1492 1809 1939 1886 prosequutus,
1983 1802 2197 1885 ipsum
2235 1801 2474 1865 nihilo-

562 1907 779 1971 minus
818 1927 898 1971 ex
934 1914 1097 1971 tunc
1135 1906 1476 1971 sententiae
1503 1912 1655 1983 tuae,
1688 1906 1857 1970 sicut
1895 1904 1976 1969 de
2013 1906 2139 1969 alio
2168 1904 2467 1983 diximus,

566 2009 993 2093 appellatione
1040 2016 1292 2074 remota
1334 2029 1558 2093 parere
1604 2009 2028 2092 constringas.
2119 2007 2369 2074 Verum
2416 2009 2471 2073 si

568 2131 782 2175 coram
825 2119 895 2175 te
934 2111 1033 2175 vel
1073 2109 1199 2175 alio
1236 2111 1523 2194 quolibet
1558 2111 1932 2195 hujusmodi
1970 2112 2232 2195 negotia
2268 2112 2473 2175 venti-

567 2214 805 2291 lentur,
842 2214 1146 2277 nolumus
1189 2220 1265 2277 ut
1310 2213 1509 2296 aliqui
1550 2214 1775 2277 morbo
1819 2214 2136 2277 consimili
2176 2214 2471 2279 laboran-

567 2321 686 2395 tes,
720 2316 774 2379 si
803 2323 1048 2380 certum
1089 2316 1174 2379 sit
1213 2322 1329 2379 aut
1367 2315 1658 2399 legitime
1685 2316 1932 2399 possint
1964 2317 2256 2380 convinci
2284 2336 2475 2399 super

566 2419 691 2498 his,
723 2418 777 2482 si
807 2417 889 2482 ab
920 2417 1233 2482 alterutra
1258 2424 1442 2501 pme
1471 2417 1733 2482 adducti
1772 2417 2037 2497 fuerint,
2076 2418 2149 2482 in
2186 2419 2475 2483 testimo-

569 2523 755 2586 nium
804 2521 1217 2605 recipiantur.
1307 2521 1416 2584 Ad
1456 2521 1635 2586 haec:
1698 2521 1781 2586 de
1830 2521 2156 2586 sacerdote
2205 2522 2319 2587 illo
2366 2523 2476 2606 qui

568 2626 787 2691 literas
826 2632 1080 2690 nostras
1120 2646 1278 2709 quas
1315 2623 1504 2689 nobis
1543 2626 1775 2689 misisti
1802 2626 2073 2705 falsavit,
2104 2625 2477 2691 discretioni

568 2736 702 2794 tuae
739 2729 1154 2814 praesentium
1195 2728 1579 2793 auctoritate
1620 2729 2055 2813 praecepimus,
2086 2735 2164 2794 ut
2206 2730 2261 2793 si
2297 2731 2474 2794 inve-

570 2833 697 2896 niri
726 2840 957 2916 potest,
989 2833 1167 2897 omni
1196 2833 1403 2897 officio
1433 2832 1811 2896 sacerdotali
1840 2839 1908 2897 et
1936 2832 2249 2897 beneficio
2276 2835 2476 2897 eccle-

573 2935 828 2999 siastico
871 2935 1211 3020 privatum,
1251 2936 1324 2998 in
1364 2934 1622 3019 aliquod
1665 2935 2130 3000 monasterium
2168 2936 2477 3001 districtae

572 3038 900 3122 religionis
929 3038 1253 3117 detrudas,
1284 3045 1362 3102 ut
1388 3037 1483 3102 ibi
1509 3039 1681 3103 tanti
1707 3038 2008 3104 facinoris
2037 3060 2262 3123 poenas
2290 3040 2509 3126 luens⁵

573 3163 642 3205 se
669 3142 828 3205 talia
856 3142 1087 3206 defleat
1117 3141 1526 3221 commisisse,
1559 3150 1628 3207 et
1658 3143 1765 3207 alii
1800 3164 1916 3227 per
1941 3144 2065 3208 hoc
2097 3165 2137 3208 a
2164 3142 2478 3220 similibus

571 3244 830 3324 valeant
869 3244 1195 3308 deterreri.
1287 3244 1482 3310 Quod
1527 3245 1582 3308 si
1630 3246 1873 3329 aliquos
1916 3246 1997 3309 de
2039 3246 2479 3310 consimilibus

574 3346 1051 3429 deprehendere
1080 3348 1339 3429 poteris,
1368 3348 1538 3429 ipsos
1568 3348 1941 3411 arctissimae
1970 3350 2295 3427 custodiae,
2328 3350 2477 3413 sub-

573 3451 708 3515 lato
738 3449 1183 3533 appellationis
1225 3448 1526 3528 remedio,
1558 3449 1795 3529 tradas,
1828 3449 2032 3514 donec
2062 3452 2479 3534 apostolicum

572 3554 928 3639 susceperis
958 3552 1110 3617 inde
1139 3552 1543 3617 mandatum.

633 3864 1077 3930 EPISTOLA
1123 3865 1967 3931 CCCLXVII.--n.msnnm
1996 3886 2091 3930 An
2120 3885 2420 3932 EUNDEM.

578 4018 934 4082 Alexander
983 4019 1299 4100 episcopm
1347 4039 1558 4082 servus
1602 4038 1916 4082 servorum
1960 4018 2103 4098 Dei,
2148 3998 2483 4085 venerabili

895 4119 1103 4202 fratri
1130 4120 1518 4184 Norwicensi
1547 4121 1848 4205 episcopo,
1879 4122 2157 4184 salutem.

669 4269 775 4332 Ex
817 4276 1042 4334 tenore
1084 4271 1419 4335 literarum
1461 4278 1724 4335 tuarum
1767 4279 1835 4336 et
1880 4273 2283 4355 quomndam
2321 4274 2483 4337 rela-

580 4371 759 4436 tione
789 4372 1169 4455 accepimus,
1201 4373 1373 4457 quod
1399 4374 1592 4438 multi
1623 4374 2028 4439 subditorum
2057 4383 2321 4440 tuorum
2348 4397 2485 4439 non

581 4494 766 4539 suam
809 4475 1130 4559 justitiam
1183 4477 1615 4557 attendentes,
1665 4478 1779 4542 sed
1823 4479 2224 4562 protervitati
2273 4479 2486 4562 potius

583 4579 974 4658 insistentes,
1006 4586 1073 4644 te
1111 4579 1334 4644 litibus
1375 4589 1441 4645 et
1481 4581 1690 4645 verbis
1730 4582 2146 4646 contentiosis
2186 4605 2260 4647 ac
2303 4584 2483 4648 taedi-
