3200 5392
1 214 4 227 Ι
15 215 20 218 .

588 1079 753 1121 mus.
846 1057 1040 1122 Unde
1091 1078 1199 1121 vos
1243 1056 1555 1120 attentius
1601 1055 2015 1126 exhortamur
2058 1054 2128 1116 in
2180 1053 2482 1129 Domine,

591 1160 894 1244 quatinus
936 1159 1261 1243 promissae
1295 1157 1831 1222 remunerationis
1869 1155 2122 1234 fiducia,
2154 1177 2309 1220 cura
2341 1176 2484 1238 pro-

590 1261 871 1345 pensiori
898 1262 1020 1345 piis
1051 1260 1300 1325 actibus
1328 1260 1739 1343 indulgeatis,
1763 1260 1934 1323 inter
1957 1280 2114 1342 quos
2137 1259 2482 1340 eleemosy-

1 1350 17 1528 ιι
590 1383 823 1426 narum
867 1362 1041 1426 lucet
1084 1361 1340 1443 largitio
1372 1382 1514 1443 quae
1553 1367 1960 1443 peccatorum
2006 1358 2177 1424 delet
2221 1360 2484 1437 offensa,

592 1485 734 1549 quae
764 1463 1122 1528 dilectionis
1153 1463 1278 1527 Dei
1307 1470 1372 1526 et
1401 1461 1675 1546 proximi
1711 1460 1898 1525 nobis
1926 1461 2149 1524 lumen
2177 1459 2485 1524 infundit.

0 909 25 1270 1
589 945 725 987 Λα).
763 923 1155 1006 1161—89.]
1242 942 1742 986 LONDonNsls
1774 941 2128 985 nrlsroLAE.
2398 923 2478 982 41
2531 964 2550 975 -

592 1567 761 1630 Cum
789 1566 1008 1648 itaque
1024 1565 1257 1649 leprosi
1280 1563 1487 1628 sancti
1515 1563 1840 1627 Leonardi
1856 1563 1937 1626 de
1965 1562 2490 1641 Northamtonia‚

590 1689 726 1732 non
755 1669 963 1733 solum
993 1667 1272 1750 corporis
1299 1665 1690 1730 intolerabili
1727 1671 2152 1748 torqueantur
2180 1664 2488 1743 cruciatu,

1 1743 4 1892 J
63 1816 70 1822 -
588 1792 812 1834 verum
853 1775 1140 1834 extrema
1177 1768 1467 1832 laborare
1513 1768 1937 1832 dinoscuntur
1978 1767 2211 1846 inedia,
2251 1788 2367 1851 pro
2397 1767 2488 1831 eis

590 1872 993 1937 universitati
1040 1879 1268 1936 vestrae
1318 1871 1689 1954 supplicare,
1743 1870 2001 1954 pietatis
2060 1869 2313 1933 affectio
2369 1891 2489 1933 nos

1 2033 4 2038 .
593 1975 888 2059 impellit,
950 1974 1254 2058 quatinus
1311 1995 1427 2056 per
1484 1973 1662 2037 hunc
1729 1973 1999 2037 latorem
2059 1972 2492 2056 praesentium,

594 2098 818 2141 eorum
847 2076 1174 2154 nuntium,
1208 2075 1287 2138 de
1322 2075 1737 2138 facultatibus
1772 2074 1996 2138 vestris
2037 2074 2318 2159 aliquam
2346 2096 2490 2159 por-

594 2179 842 2242 tionem
884 2178 969 2241 ad
1013 2198 1120 2240 eos
1159 2178 1513 2254 mittentes,
1545 2198 1768 2240 eorum
1810 2177 2104 2240 relevetis
2146 2177 2490 2256 miseriam,

596 2287 663 2345 et
694 2280 866 2363 quod
892 2278 1162 2363 propriis
1184 2299 1319 2342 non
1347 2285 1637 2361 possunt,
1656 2278 1881 2341 vestris
1900 2279 2243 2362 impendiis
2267 2279 2492 2362 adjuti,

599 2381 772 2466 quod
801 2382 884 2445 ad
910 2379 1341 2445 miserabilem
1368 2380 1613 2444 victum
1645 2379 1939 2473 sufficiat,
1967 2400 2084 2464 per
2116 2400 2226 2442 vos
2254 2380 2491 2444 habere

597 2506 666 2549 se
703 2483 1047 2568 gaudeant.
1136 2483 1278 2547 Nos
1316 2504 1464 2547 vero
1494 2481 1574 2547 de
1615 2482 1740 2546 Dei
1779 2482 2003 2545 confisi
2040 2480 2493 2562 misericordia,

598 2588 699 2652 his
730 2588 840 2671 qui
870 2588 1098 2651 saltem
1128 2586 1452 2650 modicum
1479 2587 1619 2670 jam
1649 2584 1835 2649 dictis
1863 2584 2169 2649 fratribus
2198 2607 2493 2670 erogave-

597 2692 752 2770 rint,
810 2691 1040 2774 viginti
1098 2690 1233 2754 dies
1282 2684 1662 2767 relaxamus,
1711 2695 1778 2753 et
1827 2689 2146 2753 bonorum
2203 2689 2493 2753 omnium

600 2816 740 2878 quae
767 2794 840 2857 in
874 2802 1097 2858 nostra
1122 2795 1294 2857 fiunt
1335 2793 1618 2871 ecclesia,
1649 2792 1989 2876 participes
2019 2793 2492 2858 constituimus.

601 2898 832 2961 Valete
860 2897 930 2959 in
961 2896 1239 2960 Christo.

930 3161 1381 3226 EPISTOLA
1425 3161 1898 3226 CCCV1.-xn
1933 3211 2152 3227 .....

692 3309 1118 3373 ΡΑεΤοιιΑιιε
1157 3310 1347 3373 officii
1385 3331 1504 3374 nos
1545 3311 1849 3375 admonet
1886 3313 2250 3391 auctoritas,
2283 3315 2501 3398 singu-

606 3408 729 3475 lari
756 3430 912 3473 cura
930 3410 1308 3494 prospicere,
1327 3431 1411 3473 ne
1432 3410 1577 3474 lites
1608 3431 1823 3474 coram
1851 3412 2037 3476 nobis
2066 3416 2500 3480 transactione

607 3512 864 3596 sopitaS,
905 3512 976 3575 in
1013 3512 1229 3596 jurgia
1265 3512 1530 3576 suscitet
1573 3511 1969 3594 litigantium
2007 3516 2412 3596 perversitas,
2436 3523 2504 3582 et

607 3615 779 3698 quod
807 3615 1055 3679 utiliter
1093 3622 1191 3679 est
1227 3615 1619 3694 ordinatum,
1649 3615 1880 3680 iterato
1923 3624 2256 3682 revocetur
2282 3618 2354 3682 in
2384 3620 2501 3685 du-

605 3717 804 3784 bium.
898 3718 994 3781 Ut
1023 3717 1223 3801 igitur
1263 3719 1528 3801 plenum
1568 3719 1765 3782 robur
1803 3718 2093 3784 obtineat
2128 3724 2504 3804 compositio

606 3820 779 3884 inter
807 3821 905 3883 M.
939 3826 1003 3884 et
1033 3820 1115 3883 A.
1147 3828 1375 3883 mutuo
1412 3840 1730 3884 consensu
1762 3820 1945 3899 inita,
1976 3843 2095 3885 nos
2131 3843 2271 3889 eam
2299 3825 2503 3891 literis

605 3923 913 3987 mandare
943 3923 1356 4002 decrevimus,
1380 3945 1523 4006 quae
1539 3923 1610 3986 in
1637 3924 1980 4007 praesentia
1998 3932 2220 3990 nostra
2239 3929 2506 3995 tandem

608 4025 730 4088 hoc
757 4025 886 4088 fine
915 4025 1298 4108 conquievit.
1387 4025 1528 4089 Nos
1557 4025 1777 4108 itaque
1819 4026 1986 4091 hanc
2016 4031 2503 4096 conventionem

608 4147 745 4190 non
795 4128 1002 4190 solum
1052 4128 1349 4210 injuncta
1398 4127 1583 4191 nobis
1628 4129 2013 4206 auctoritate
2056 4133 2503 4215 approbamus,

608 4250 832 4293 verum
861 4231 1056 4293 etiam
1102 4230 1295 4314 sigilli
1332 4230 1538 4294 nostri
1571 4231 1967 4315 appositione
2013 4236 2504 4316 communimus,

609 4332 1080 4397 fraternitatem
1110 4340 1387 4398 vestram
1425 4340 1728 4416 rogantes
1758 4335 2087 4415 attentius,
2119 4345 2194 4402 ut
2222 4345 2507 4402 vestrum

609 4435 682 4498 in
711 4434 812 4498 his
842 4456 1172 4500 assensum
1200 4435 1536 4520 praebeatis
1567 4445 1634 4502 et
1664 4439 2133 4502 auctoritatem.

1037 4540 1270 4620 (Multa
1299 4541 1368 4604 in
1395 4543 1513 4605 hac
1540 4542 1799 4621 epistola
1829 4542 2090 4622 desunt.)
