3200 5392
641 879 776 922 Am.
814 856 1237 939 1161—89]
1310 875 1644 918 nris‘roLAE
1677 874 1998 924 QUAEDAM.
2421 856 2541 917 165

640 995 815 1076 prior
871 991 1244 1055 monasterii
1303 989 1708 1066 Doverensis,
1768 1010 2022 1051 morum
2080 988 2421 1053 honestate
2479 998 2545 1054 et

639 1095 974 1158 literarum
1016 1090 1375 1154 eruditione
1411 1088 1813 1171 conspicuus,
1855 1090 2183 1153 modestus
2220 1091 2291 1153 in
2330 1092 2543 1171 verbo,

642 1194 942 1278 providus
971 1195 1040 1256 in
1073 1192 1369 1269 consiliis,
1400 1191 1713 1255 discretus
1750 1191 1820 1253 in
1862 1212 2070 1274 opere,
2111 1193 2182 1254 in
2222 1192 2451 1257 babitu
2480 1200 2545 1257 et

641 1305 828 1382 gestu
885 1317 1100 1360 veram
1158 1294 1499 1377 temperati
1574 1293 1774 1356 animi
1831 1294 2192 1376 exprimens
2248 1295 2541 1359 formam.

643 1397 1111 1462 Decentissime
1142 1394 1487 1459 sacerdotis
1519 1395 1737 1477 explet
1767 1394 2066 1473 officium,
2099 1396 2273 1459 zelus
2304 1396 2546 1460 Christi

642 1522 983 1565 succensus
1029 1507 1126 1563 est
1170 1499 1241 1561 in
1285 1497 1473 1562 corde
1519 1498 1678 1581 ejus,
1724 1519 1991 1561 manum
2039 1520 2222 1561 suam
2268 1499 2547 1564 libenter

642 1604 844 1686 aperit
887 1603 1084 1685 inopi,
1129 1600 1579 1665 liberalitatem
1627 1600 1983 1681 gaudenter
2025 1608 2297 1679 exercet,
2329 1609 2394 1665 et
2439 1623 2545 1666 ex-

641 1706 950 1770 teriorum
1040 1702 1538 1767 sollicitudinem
1625 1702 2031 1765 laudabiliter
2118 1704 2542 1768 administrat.

643 1808 819 1873 Quid
880 1808 1116 1869 mirum
1177 1826 1330 1887 ergo
1390 1805 1444 1867 si
1506 1805 1578 1867 in
1636 1812 1897 1867 tantum
1958 1811 2023 1867 et
2080 1807 2278 1870 talem
2337 1808 2544 1870 virum

641 1911 923 1973 universi
975 1909 1400 1972 libentissime
1452 1916 1911 1986 convenerunt,
1964 1911 2073 1991 qui
2125 1911 2320 1974 etiam
2378 1913 2544 1995 rapi-

642 2014 846 2076 endus
895 2013 1128 2089 fuerat,
1177 2011 1231 2074 si
1279 2012 1464 2074 aliter
1509 2010 1734 2074 haberi
1779 2033 1915 2075 non
1972 2020 2185 2095 posset
2202 2016 2231 2076 ⁴?
2323 2016 2545 2081 Quum

645 2136 799 2197 ergo
858 2114 1056 2178 libere
1130 2121 1195 2175 et
1270 2112 1625 2176 secundum
1684 2113 2159 2178 institutionem
2220 2138 2546 2181 sacrorum

580 2204 588 2212 ⁹
645 2238 968 2281 canonum
1021 2215 1250 2278 fuisset
1308 2214 1534 2278 elect-io
1593 2215 1731 2297 ejus
1790 2215 2132 2294 celebrata,
2182 2218 2397 2300 regius
2450 2219 2547 2299 (ut

648 2340 784 2382 mos
842 2319 963 2399 est)
1030 2317 1292 2381 accessit
1351 2337 1686 2380 assensus:
1751 2318 2063 2397 eligentes
2121 2327 2547 2402 prosequutus

642 2428 740 2484 est
780 2421 1008 2503 plenus
1047 2420 1260 2483 favore
1299 2420 1558 2496 clamor,
1591 2419 1809 2483 debita
1847 2420 2037 2485 laude
2079 2422 2204 2486 Dei
2244 2430 2383 2487 tota
2420 2445 2546 2488 coe-

642 2526 738 2608 pit
798 2523 1062 2587 ecclesia
1119 2522 1448 2585 resultare.
1537 2522 1644 2585 Ad
1705 2523 2262 2604 metropolitanam
2328 2525 2545 2590 sedem

643 2648 791 2691 cum
822 2626 1025 2690 electo
1054 2623 1470 2707 provinciales
1510 2624 1787 2706 episcopi
1829 2625 2098 2688 aliarum
2134 2627 2546 2692 ecclesiarum

643 2730 829 2794 electi
873 2729 1111 2811 pariter
1152 2733 1597 2803 accesserunt;
1643 2748 1759 2809 pro
1802 2727 1935 2791 ritu
1979 2730 2191 2811 gentis
2236 2737 2303 2794 et
2347 2732 2545 2813 majo-

641 2853 787 2895 rum
869 2830 1334 2895 consuetudine
1420 2829 1791 2920 solemniter
1869 2830 2343 2895 inthronizatus
2424 2841 2542 2897 est.

645 2934 848 2997 Grata
877 2933 1037 3010 Dec,
1071 2939 1136 2996 et
1176 2931 1257 2995 ab
1300 2931 1671 2994 hominibus
1701 2932 2059 2997 desiderata
2099 2933 2299 3016 ipsius
2342 2934 2543 2998 insta-

642 3036 756 3099 bat
787 3034 1197 3112 consecratio,
1230 3055 1428 3115 quum
1459 3054 1607 3097 ecce
1650 3054 1727 3097 ex
1771 3033 2116 3117 improviso
2142 3037 2346 3100 literae
2373 3039 2544 3120 regis

637 3138 914 3221 junioris
971 3157 1210 3200 nomen
1268 3136 1680 3218 praeferentes
1741 3137 2005 3219 prolatae
2077 3146 2249 3217 sunt,
2312 3140 2545 3222 quibus

644 3237 1121 3324 protestabatur
1167 3259 1234 3300 se
1281 3238 1629 3320 appellasse
1672 3238 1972 3302 adversus
2016 3239 2357 3304 electiones
2404 3263 2547 3323 quae

644 3362 836 3406 suum
882 3360 1016 3403 non
1063 3339 1378 3403 baberent
1429 3359 1780 3401 assensum.
1872 3340 2109 3404 Literae
2157 3342 2414 3422 quidem
2467 3364 2545 3406 ex

643 3443 832 3507 variis
871 3442 1081 3506 causis
1119 3449 1185 3505 et
1225 3440 1664 3524 probabilibus
1703 3441 1903 3523 signis
1942 3441 2380 3523 arguebantur
2408 3465 2545 3506 sus-

642 3553 866 3631 pectae,
897 3544 1113 3627 eisque
1141 3542 1338 3607 fidem
1365 3565 1498 3608 non
1529 3563 1668 3606 esse
1697 3544 2060 3607 habendam
2105 3551 2242 3608 erat
2287 3552 2544 3610 senten-

643 3649 736 3712 tia
779 3647 1222 3731 plurimorum,
1265 3645 1622 3729 praesertim
1664 3646 1736 3708 in
1777 3652 1964 3709 tanto
2008 3646 2394 3725 discrimine,
2431 3648 2545 3712 ubi

643 3752 904 3815 libertas
947 3750 1159 3833 potuit
1201 3748 1550 3832 periclitari
1593 3754 1662 3812 et
1706 3748 2068 3813 animarum
2112 3751 2303 3827 salus,
2336 3758 2401 3814 et
2441 3772 2542 3815 ec-

645 3853 850 3917 clesiae
886 3851 1189 3935 protelari
1229 3850 1556 3929 desolatio,
1589 3858 1655 3915 et
1694 3872 1910 3915 rerum
1943 3852 2199 3933 jactura
2235 3852 2544 3936 irrepara-

646 3955 811 4019 bilis.
901 3954 1142 4020 Causas
1171 3974 1548 4018 enumerare
1576 3953 1845 4036 longum
1876 3962 1994 4032 est,
2026 3954 2138 4018 sed
2166 3956 2390 4038 utique
2429 3977 2545 4039 pro

644 4078 797 4139 rege
839 4057 951 4120 illo
993 4057 1293 4139 praesumi
1336 4056 1665 4134 debuerat,
1697 4056 1869 4139 quod
1912 4078 2062 4121 cum
2104 4058 2385 4140 periculo
2430 4080 2546 4121 suo

648 4166 715 4222 et
757 4158 1091 4241 temporali
1134 4159 1508 4223 aemulorum
1554 4159 1932 4242 compendio
1974 4160 2176 4226 nollet
2214 4159 2545 4224 ecclesiam

650 4261 894 4325 diutius
933 4259 1256 4342 captivari.
1351 4261 1480 4324 Sed
1525 4261 1677 4326 licet
1727 4262 2008 4345 praefatae
2053 4262 2256 4325 literae
2296 4261 2544 4343 sapien-

648 4362 921 4428 tioribus
948 4383 1084 4426 non
1113 4362 1334 4445 magni
1362 4363 1729 4428 viderentur
1767 4386 1904 4429 esse
1945 4363 2276 4441 momenti,
2308 4363 2389 4426 de
2424 4363 2544 4426 bu-

644 4466 921 4531 militate
965 4471 1188 4530 tamen
1239 4471 1306 4528 et
1357 4465 1690 4531 devotione
1739 4467 1942 4549 ipsius
1988 4465 2174 4531 electi
2219 4465 2544 4549 processit,
