3200 5392
753 751 878 814 1⁷8
1289 768 1575 813 nouom
1615 767 2125 815 norouaonnsm

745 907 994 975 porum,
1021 882 1351 962 abbatum,
1379 891 1444 948 et
1475 884 1919 969 religiosarum
1950 904 2371 966 personarum
2399 890 2466 949 et
2496 883 2659 967 opti-

744 997 995 1059 matum
1024 989 1212 1071 regni
1250 988 1371 1066 sui,
1413 1009 1529 1075 pro
1572 1009 1789 1055 amore
1828 994 2040 1055 vestro
2081 987 2428 1071 benignius
2465 1008 2655 1051 exau·

744 1092 899 1169 dita,
920 1112 1069 1159 eum
1094 1091 1175 1154 ad
1199 1091 1816 1175 archiepiscopatum
1842 1111 2033 1157 suum
2055 1089 2287 1171 redire,
2316 1090 2656 1174 ipsumque

743 1211 894 1271 cum
916 1191 1095 1254 omni
1116 1191 1509 1275 integritate,
1533 1213 1728 1277 quam
1752 1190 2020 1259 tenebat
2040 1190 2300 1275 quando
2322 1190 2535 1267 exivit,
2559 1211 2659 1269 re-

744 1293 973 1381 cipere,
995 1301 1060 1358 et
1087 1293 1386 1376 deinceps
1409 1293 1576 1359 bene
1606 1301 1672 1357 et
1701 1294 1771 1359 in
1801 1314 1958 1376 pace
1986 1293 2312 1377 possidere
2343 1292 2427 1359 ad
2454 1292 2654 1355 hono-

742 1412 879 1455 rem
912 1392 1055 1469 Dei,
1089 1392 1179 1457 sal
1188 1413 1260 1457 va
1288 1391 1598 1465 nimirum
1638 1392 1825 1475 regni
1865 1391 1965 1459 sui
2005 1391 2281 1475 pristina
2320 1390 2654 1475 dignitate,

743 1495 1076 1557 concessit.
1172 1494 1392 1565 Quum
1443 1495 1648 1579 igitur
1695 1495 1870 1561 inter
1923 1494 2261 1561 dominum
2319 1515 2537 1585 regem
2590 1501 2657 1557 et

743 1597 1014 1665 nuncios
1068 1606 1313 1662 vestros
1366 1619 1558 1680 super
1608 1599 1732 1661 hoc
1784 1606 2099 1677 tractatus
2151 1598 2454 1683 prolixior
2498 1598 2657 1661 inci-

746 1700 963 1778 disset,
1008 1701 1077 1763 in
1121 1700 1312 1765 verbo
1351 1701 1677 1783 utrimque
1713 1702 2092 1783 complacito
2132 1702 2473 1767 novissime
2503 1722 2656 1765 con-

744 1811 1082 1881 venerunt,
1114 1806 1207 1871 ita
1252 1804 1494 1869 scilicet
1539 1812 1616 1869 ut
1661 1825 1790 1882 eOS,
1825 1805 1933 1887 qui
1977 1812 2323 1888 praesentes
2368 1804 2655 1882 aderant,

746 1906 965 1971 statim
1014 1906 1421 1985 absolverint,
1471 1914 1536 1983 et
1587 1907 1670 1973 ad
1717 1929 1845 1986 eoS,
1892 1908 2002 1991 qui
2049 1915 2234 1974 erant
2278 1907 2351 1983 in
2396 1907 2656 1991 Anglia,

744 2009 1160 2075 absolvendos
1192 2011 1355 2085 alter
1385 2032 1628 2088 eorum,
1664 2011 1971 2095 magister
1998 2010 2294 2093 videlicet
2325 2010 2656 2089 VivianuS,

744 2114 913 2177 illico
954 2115 1253 2193 transire,
1286 2115 1450 2183 alter
1490 2115 1653 2179 citra
1696 2135 1872 2181 mare
1913 2114 1995 2177 ad
2035 2114 2480 2185 executionem
2508 2135 2657 2177 con-

747 2216 935 2281 dictae
1006 2219 1180 2301 pacis
1254 2217 1699 2283 consenserint
1763 2239 2116 2281 remanere.
2238 2217 2659 2282 Postmodum

660 2307 665 2312 ⁸
748 2340 894 2385 vero
937 2326 1231 2383 revocato
1277 2340 1594 2402 consensu
1638 2319 1926 2398 verbum,
1975 2319 2146 2403 quod
2185 2319 2320 2403 jam
2366 2339 2657 2401 suscep&

744 2430 914 2499 rant,
954 2423 1410 2489 conservandae
1453 2423 1525 2485 in
1569 2423 1866 2489 futurum
1911 2424 2104 2507 regiae
2149 2423 2505 2509 dignitatis,
2550 2421 2659 2503 ad-

745 2525 1007 2589 mittere
1066 2525 1438 2603 noluerunt,
1488 2547 1564 2589 ea
1618 2548 1759 2609 quae
1810 2528 1949 2611 jam
2009 2526 2350 2605 salubriter
2402 2525 2661 2610 quidem,

749 2627 1055 2711 disposita
1113 2627 1391 2705 fuerant,
1454 2630 1685 2715 exequi
1742 2636 2132 2693 recusantes,
2240 2629 2384 2715 Ego
2442 2628 2663 2710 itaque

749 2751 898 2792 cum
952 2730 1234 2812 praefatis
1286 2752 1420 2794 non
1468 2731 2005 2813 contempnendae
2065 2732 2465 2794 auctoritatis
2518 2751 2657 2813 pere

747 2832 940 2909 sonis,
990 2854 1132 2915 quae
1186 2833 1474 2911 aderant,
1534 2855 1651 2916 pro
1709 2834 1882 2898 bono
1939 2839 2143 2896 tantae
2193 2833 2365 2916 pacis
2425 2833 2655 2894 missus
2704 2835 2711 2841 ’

746 2933 925 2996 omni
967 2933 1300 3016 vigilantia
1343 2942 1409 2998 et
1454 2935 1889 2999 sollicitudine
1931 2935 2162 3013 institi,
2193 2942 2268 2997 ut
2313 2935 2479 2997 sicut
2523 2933 2654 2996 dic-

746 3044 890 3099 tum
936 3037 1168 3115 fuerat,
1217 3039 1558 3123 praeposito
1606 3039 1850 3102 honore
1898 3039 2043 3116 Dei,
2090 3044 2156 3101 et
2202 3037 2389 3120 regni
2440 3044 2661 3121 stante>

746 3140 1016 3223 antiqua
1044 3141 1382 3223 dignitate,
1414 3148 1488 3204 ut
1534 3141 1807 3224 dignum
1852 3149 1969 3218 est,
2015 3141 2240 3204 nuncii
2258 3125 2263 3131 ’
2284 3140 2478 3203 vestri
2521 3162 2659 3203 ver-·

745 3242 905 3306 bum
964 3244 1300 3327 optimum,
1351 3250 1417 3308 et
1468 3244 1646 3307 omni
1706 3243 2075 3326 acceptione
2135 3243 2407 3325 dignum
2464 3242 2655 3325 regiae

747 3345 1083 3430 dignitatis
1135 3369 1286 3415 cum
1345 3348 1580 3429 gaudio
1633 3347 2046 3431 susciperent,
2103 3367 2187 3410 ne
2237 3353 2499 3415 tantum
2544 3346 2654 3410 bo-

746 3470 907 3512 num
958 3456 1337 3514 remaneret.
1453 3451 1541 3513 Et
1592 3472 1794 3532 quum
1839 3450 1912 3513 in
1957 3450 2080 3513 hac
2126 3458 2349 3514 nostra
2399 3470 2673 3532 persua-2

748 3551 928 3615 sione
967 3553 1249 3617 multum
1287 3550 1654 3619 laboratum
1697 3559 1883 3630 esset,
1917 3560 1983 3616 et
2027 3553 2193 3619 nihil
2236 3552 2654 3629 elaboratum,

749 3653 1070 3719 doluimus
1112 3654 1483 3737 plurimum,
1528 3656 1885 3737 praesertim
1932 3677 2134 3743 quum
2176 3662 2429 3719 constet
2472 3654 2659 3718 nobis

749 3775 865 3837 pro
924 3764 1122 3833 cert0,
1184 3757 1353 3839 quod
1423 3758 1495 3820 in
1562 3758 2006 3822 observatione
2072 3758 2264 3843 regiae
2324 3756 2660 3842 dignitatis

746 3850 1008 3920 libertas
1069 3866 1181 3925 aut
1241 3860 1523 3943 dignitas
1582 3862 2009 3927 ecclesiastica
2065 3863 2438 3945 nullatenus
2496 3883 2655 3944 prae-

748 3965 1066 4043 gravetur.
1192 3962 1517 4045 Siquidem
1583 3965 1866 4047 dignitas
1926 3965 2348 4049 ecclesiastica
2413 3964 2657 4048 regiam

747 4064 1037 4147 provehit
1079 4065 1315 4147 potius,
1357 4087 1550 4148 quam
1597 4068 1825 4131 adimit
1873 4069 2278 4151 dignitatem,
2317 4075 2383 4131 et
2425 4067 2658 4150 regalis

749 4169 1030 4252 dignitas
1075 4170 1565 4237 ecclesiasticam
1609 4172 1824 4255 potius
1869 4193 2263 4249 conservare,
2295 4189 2491 4256 quam
2533 4170 2655 4234 tol-

747 4272 887 4357 lere·
927 4273 1255 4339 consuevit
1302 4273 1706 4339 libertatem:
1754 4275 1993 4339 etenim
2041 4275 2223 4358 quasi
2269 4272 2656 4357 quibusdam

747 4376 870 4439 sibi
926 4377 1199 4461 invicem
1258 4377 1694 4460 complexibus
1754 4378 2035 4462 dignitas
2104 4362 2534 4443 ecclesiastica
2593 4381 2659 4438 et
