3200 5392
561 880 695 921 Aa).
733 859 1127 941 1161-89,]
1229 877 1562 920 EP1s¹r0LAE
1595 878 1919 927 QUAEDAM.
2339 862 2464 925 173

555 1001 835 1072 tenetur,
896 1016 1046 1058 eum
1113 995 1388 1059 liberum
1457 995 1729 1073 reddite,
1788 1003 1866 1059 ut
1922 1018 2057 1059 una
2126 996 2462 1061 nobiscum

559 1117 755 1160 onera
782 1097 981 1180 possit
1011 1098 1293 1162 ecclesiae
1322 1098 1662 1162 sustinere.

604 1412 1049 1476 EPISTOLA
1079 1412 1912 1477 ccccxxv—musonis
1946 1434 2038 1478 An
2083 1436 2419 1479 HUGONEM

869 1536 1386 1580 DUNELMENSEM
1420 1537 1800 1580 nmscormu
1834 1538 1914 1580 Εἰ·
1945 1539 2162 1582 Amos.

556 1665 861 1747 Royerius
882 1667 1004 1728 Dei
1025 1667 1245 1748 qratia
1267 1666 1683 1730 Ebm·acensis
1705 1669 2200 1750 archiepiscopus
2227 1673 2290 1730 et
2318 1688 2463 1748 apo-

642 1768 873 1830 stolicae
914 1768 1080 1830 sedis
1124 1769 1380 1848 hyatu-3,
1423 1768 1759 1830 venerabili
1787 1768 2002 1849 fratri
2042 1770 2297 1851 Huyoni
2342 1771 2465 1832 Dei

636 1871 854 1949 qratia
892 1871 1288 1932 Dunelmensi
1333 1871 1635 1951 episcopo,
1673 1877 1734 1933 et
1774 1873 2016 1935 dilectis
2047 1872 2211 1952 filiis
2247 1874 2325 1935 R.
2359 1873 2463 1935 de-

648 1990 801 2032 cano
846 1976 907 2032 et
954 1972 1254 2033 Witletmo
1292 1973 1725 2035 cantuariensi
1765 1980 1827 2037 et
1868 1976 2148 2047 universo
2195 1975 2466 2055 capitulo

646 2071 1028 2134 Eboracensi
1074 2073 1463 2154 omnibusque
1502 2076 1816 2138 canonicis
1850 2081 2080 2138 sanctae
2117 2077 2349 2138 Marioe
2393 2080 2470 2140 de

649 2174 1005 2252 Sudewelle,
1053 2175 1371 2256 sanctique
1425 2173 1710 2254 Witfridi
1756 2176 1831 2237 de
1876 2176 2104 2255 Ripun,
2151 2177 2468 2256 sanctique

646 2273 952 2335 Johannis
999 2273 1074 2335 de
1112 2273 1433 2335 Beverleia
1473 2272 1816 2350 abbatibus,
1835 2272 2178 2354 prioribus,
2211 2274 2372 2335 clero
2408 2280 2469 2335 et

651 2375 934 2436 universo
972 2375 1204 2456 populo
1238 2394 1365 2455 per
1399 2374 1855 2437 Eboraceneem
1893 2375 2285 2456 provinciam
2328 2394 2469 2437 con-

647 2476 885 2553 stituto,
915 2478 1176 2539 satutem
1205 2481 1265 2539 et
1287 2480 1584 2557 qratiam.

646 2626 808 2688 NON
848 2625 1104 2708 ignorat
1152 2625 1409 2690 dilectio
1439 2632 1669 2703 vestra,
1703 2632 1947 2708 quanta
1987 2646 2101 2708 pro
2148 2625 2464 2707 dignitate

560 2727 842 2791 ecclesiae
883 2736 1122 2792 nostrae
1165 2728 1285 2791 hac
1326 2734 1713 2809 tempestate
1755 2727 2192 2805 sustinuerim,
2222 2728 2294 2790 in
2339 2749 2466 2810 qua

563 2836 821 2892 tantum
865 2829 1121 2893 invidiae
1164 2829 1457 2892 mandari
1497 2828 1833 2892 adversum
1873 2850 1976 2892 me
2015 2830 2216 2907 licuit,
2248 2836 2323 2894 ut
2363 2831 2466 2893 vix

565 2930 793 3012 aliquis
852 2931 1028 2994 locus
1079 2931 1334 2995 veritati
1384 2930 1874 3013 relinqueretur.
1988 2932 2326 2995 Familiare
2371 2938 2469 2995 est

563 3034 864 3097 omnibus
922 3033 1178 3116 iniquis,
1240 3033 1487 3116 quoties
1546 3033 1833 3097 nancisci
1895 3041 2164 3116 possunt
2233 3035 2467 3098 occasi-

565 3156 775 3212 onem,
800 3134 1156 3197 maledictis
1185 3156 1291 3198 eos
1322 3135 1555 3217 quibus
1576 3135 1872 3199 invident
1901 3136 2161 3199 inurere
2190 3144 2256 3200 et
2280 3158 2466 3200 vene-

567 3237 737 3299 natis
781 3235 1123 3299 verborum
1153 3236 1384 3318 jaculis
1427 3237 1626 3318 figere
1662 3237 2060 3301 innocentes·
2150 3238 2469 3302 Fecerunt

569 3338 690 3402 hoc
744 3337 853 3420 qui
897 3337 1284 3419 jampridem
1340 3332 1647 3400 sederunt
1691 3337 1851 3400 mihi
1904 3339 1975 3400 in
2027 3337 2293 3401 insidiis.
2382 3340 2470 3402 Et

569 3440 826 3523 quidem
856 3440 1065 3523 primo
1092 3447 1483 3523 paraverunt
1511 3440 1817 3522 laqueum
1859 3440 2311 3522 suspensionis,
2343 3462 2471 3523 quo

566 3542 866 3606 dominus
896 3563 1061 3625 papa
1103 3541 1248 3624 plus
1288 3562 1510 3604 eorum
1554 3541 1746 3604 falsas
1787 3542 2232 3624 suggestiones
2277 3564 2470 3625 quam

557 3648 721 3730 juris
768 3645 1061 3710 ordinem
1114 3650 1423 3728 sequutus
1475 3667 1579 3709 me
1631 3644 1985 3709 innodavit.
2087 3645 2341 3709 Deinde
2385 3666 2468 3709 ne

570 3748 1016 3832 quoquomodo
1057 3748 1211 3812 solvi
1255 3755 1490 3830 posset,
1532 3747 1943 3829 iniquitatem
1987 3747 2315 3830 iniquitati
2360 3749 2468 3811 ad·

570 3853 814 3930 denteS,
844 3852 997 3915 hinc
1027 3851 1454 3914 maximorum
1482 3849 1764 3913 virorum
1793 3849 2040 3913 libellos
2081 3859 2218 3913 arte
2255 3850 2473 3914 multi-

571 3954 740 4035 plici,
761 3953 925 4017 sicut
936 3953 1073 4035 jam
1096 3975 1135 4017 a
1155 3952 1447 4035 pluribus
1464 3960 1639 4016 retro
1662 3952 1850 4015 annis
1869 3952 2173 4016 instructi
2192 3952 2471 4031 fuerant,

573 4054 1058 4137 conquirebant,
1104 4055 1257 4118 inde
1306 4055 1794 4138 peregrinorum
1847 4062 1913 4118 et
1972 4055 2082 4137 qui
2141 4076 2245 4119 me
2304 4077 2472 4118 nun-

574 4177 766 4239 quam
824 4155 1117 4220 viderant
1191 4158 1677 4222 multitudinem
1737 4158 2198 4237 subornabant,
2256 4165 2334 4222 ut
2399 4180 2475 4222 ea

574 4279 717 4340 quae
745 4279 878 4320 non
907 4265 1217 4321 noverant
1247 4260 1656 4338 mentienteS,
1689 4260 1861 4343 apud
1904 4282 2229 4325 summum
2260 4261 2469 4342 ponti-

574 4362 760 4425 ficem
802 4367 867 4422 et
907 4360 1150 4422 curiam
1182 4360 1561 4439 Romanam,
1594 4382 1976 4444 quocunque
2013 4361 2205 4424 modo
2233 4359 2472 4423 famam

575 4468 937 4525 onerarent.
1030 4458 1283 4524 Absens
1342 4483 1535 4541 eram,
1589 4470 1656 4526 et
1709 4463 1820 4546 qui
1871 4484 1948 4527 ex
1992 4470 2173 4546 parte
2216 4482 2361 4526 mea
2402 4463 2474 4525 in
