3200 5392
586 876 723 921 mn.
763 858 1154 941 1161—89.]
1254 874 1589 922 nns'roLAE
1621 876 1942 928 QUAEDAM.
2365 860 2497 922 205.

588 1001 723 1076 net,
755 986 1103 1061 secundam
1132 1016 1282 1060 vero
1310 995 1536 1059 feriam
1568 995 1624 1059 si
1652 996 1926 1060 voluerit
1954 995 2231 1080 legendo
2264 992 2497 1080 psalte-

589 1099 760 1162 rium
818 1100 920 1163 vel
975 1098 1296 1183 pascendo
1344 1119 1695 1182 pauperem
1744 1098 2038 1179 redimat,
2089 1099 2498 1182 quadragesi-

589 1223 762 1265 mam
795 1208 947 1265 ante
976 1200 1381 1266 nativitatem
1421 1200 1690 1265 Domini
1730 1200 1897 1265 sicut
1937 1202 2247 1286 majorem
2284 1201 2497 1266 obser-

588 1310 722 1383 vet‘q
777 1311 1008 1387 praeter
1057 1303 1399 1380 orationes,
1453 1303 1888 1387 eleemosynas
1941 1311 2008 1368 et
2060 1304 2187 1368 alia
2239 1304 2500 1388 pietatis

590 1428 800 1490 opera,
835 1408 1068 1490 quibus
1109 1406 1377 1471 sollicite
1414 1406 1726 1489 invigilet.
1818 1407 1926 1486 Et,
1961 1408 2111 1490 quia
2153 1428 2289 1472 non
2325 1408 2498 1491 judi-

590 1517 694 1575 cat
734 1511 913 1575 Deus
958 1511 1057 1574 bis
1099 1510 1169 1574 in
1212 1510 1282 1573 id
1324 1510 1556 1593 ipsum,
1597 1509 1748 1574 licet
1788 1510 1960 1574 idem
2000 1510 2235 1575 Petrus
2275 1532 2499 1595 perpe-

587 1619 762 1678 trato
813 1614 1082 1677 crimine
1139 1634 1276 1677 non
1325 1613 1396 1676 in
1448 1612 1937 1692 subdiaconatu,
1991 1614 2105 1678 sed
2161 1614 2232 1677 in
2291 1614 2500 1698 acoly-

588 1716 799 1795 thatu,
849 1716 1147 1799 deinceps
1195 1716 1335 1779 Deo
1381 1722 1449 1779 et
1497 1715 1779 1780 ecclesiae
1831 1716 2066 1780 servire
2113 1717 2356 1780 valeat:
2401 1722 2500 1779 ta-

591 1840 745 1882 men
804 1840 883 1882 ex
942 1817 1418 1901 dispensatione
1478 1824 1545 1882 et
1601 1818 2008 1901 benignitate
2080 1826 2501 1884 sacrosanctae

594 1922 906 1985 Romanae
951 1921 1137 1998 sediS,
1180 1921 1494 1984 concessit
1537 1921 1599 1984 ei
1644 1921 1942 1986 dominus
1985 1928 2206 1986 noster
2248 1921 2502 1987 ecclesi-

594 2023 869 2086 asticum
924 2021 1313 2086 beneficium
1376 2022 1709 2103 integrum
1779 2024 2059 2087 retinere
2134 2023 2504 2088 discretioni

594 2130 821 2189 vestrae
848 2124 1186 2204 mandans,
1219 2124 1524 2206 quatinus
1562 2124 1778 2206 ipsum
1820 2125 2190 2188 absolutum
2232 2124 2302 2188 in
2347 2146 2504 2208 pace

593 2248 857 2291 manere
901 2234 967 2291 et
1009 2226 1396 2291 beneficium
1427 2225 1948 2306 ecclesiasticum,
1981 2226 2153 2310 quod
2188 2227 2504 2291 hactenus

593 2329 844 2411 habuit,
892 2330 1094 2395 libere
1146 2337 1212 2395 et
1262 2330 1477 2414 quiete
1533 2330 1859 2412 possidere
1909 2329 2321 2415 permittatis,
2385 2350 2508 2394 nec

597 2455 748 2498 eum
779 2455 970 2518 super
999 2433 1122 2498 hoc
1150 2434 1285 2498 ulla
1312 2434 1564 2498 ratione
1595 2433 1676 2497 de
1706 2440 1920 2499 cetero
1947 2435 2210 2499 vexetis.

644 2736 1089 2809 EPISTOLA
1132 2744 2059 2810 CCCCXLIII.—wmm1
2093 2764 2480 2810 AmIslono-
2531 2733 2535 2737 ’

796 2868 1038 2910 RBNSIS
1071 2868 1375 2912 nr1scor1
1410 2869 1501 2911 An
1533 2868 2012 2913 ALEXANDRUM
2045 2869 2302 2912 mnu.

628 2976 991 3062 A'leoeandro
1008 3017 1197 3079 papae
1234 2998 1575 3061 Wllelmus
1604 3000 2118 3063 Altisiodorensis
2147 3003 2478 3081 episcopus.

696 3147 771 3210 81
805 3167 1012 3209 unum
1042 3146 1287 3229 patitur
1314 3149 1700 3227 membrum,
1732 3170 1991 3213 necesse
2021 3156 2119 3213 est
2148 3156 2225 3213 ut
2263 3150 2514 3233 reliqua

604 3248 1098 3332 compatiantur.
1202 3249 1291 3312 Et
1343 3250 1513 3332 quod
1559 3251 1864 3313 fomentis
1912 3257 2026 3314 aut
2078 3252 2360 3316 cauterio
2414 3273 2514 3315 sa-

605 3350 749 3414 nari
778 3371 913 3413 non
942 3355 1175 3433 potest,
1207 3348 1448 3413 abscidi
1479 3350 1756 3433 expedit,
1790 3373 1984 3434 quam
2020 3352 2266 3416 caeteris
2311 3352 2392 3416 ab
2437 3373 2514 3416 eo

603 3452 927 3519 maculam
972 3451 1263 3535 irrogari.
1358 3450 1458 3516 Sit
1506 3453 1860 3538 quamlibet
1905 3454 2157 3517 illustre
2205 3460 2271 3517 et
2319 3454 2514 3518 offici-

576 3580 791 3623 ·osum
842 3556 913 3620 in
964 3576 1245 3639 corpore,
1304 3562 1527 3619 tamen
1586 3557 1640 3620 si
1699 3557 2000 3621 scandala
2058 3557 2398 3639 germinat,
2449 3563 2515 3620 et

585 3668 855 3750 *pestem
896 3659 1157 3743 ingerit,
1198 3659 1362 3723 illud
1401 3659 1643 3723 abscidi
1675 3659 1864 3744 jubet
1903 3660 2224 3724 Dominus
2265 3667 2331 3724 et
2370 3680 2516 3743 pro-

607 3764 776 3848 pelli.
851 3754 1093 3829 ¹Quum
1133 3783 1286 3845 ergo
1323 3761 1541 3826 nobile
1586 3761 1952 3827 membrum
1997 3762 2371 3827 universalis
2414 3783 2518 3828 ec-

612 3867 837 3945 clesiae,
869 3867 1077 3950 prima
1118 3865 1609 3929 Britanniamm
1654 3863 1856 3945 sedes,
1890 3871 1957 3930 et
1998 3865 2152 3930 fidei
2194 3871 2404 3930 mater
2444 3865 2517 3928 in

615 3969 966 4048 occidente,
998 3969 1482 4034 Cantuariensis
1523 3969 1792 4034 ecclesia
1827 3970 2181 4054 plurimum
2208 3970 2517 4054 patiatur,

616 4077 683 4135 et
712 4069 955 4134 diutius
977 4071 1116 4153 jam
1153 4074 1340 4154 passa
1367 4072 1472 4152 sit,
1504 4093 1580 4137 eo
1611 4072 1781 4157 quod
1820 4073 1940 4136 filii
1978 4073 2117 4157 ejus
2156 4071 2522 4156 parricidali

616 4172 852 4237 scelere
881 4171 1155 4255 publicae
1181 4174 1517 4256 potestatis
1546 4173 1788 4238 viribus
1818 4173 2179 4253 abutentes,
2210 4174 2283 4237 in
2310 4175 2519 4257 ipsam

613 4275 941 4353 irruerint,
974 4294 1232 4339 necesse
1262 4283 1359 4340 est
1388 4283 1465 4340 ut
1494 4277 1961 4361 compatiamur
1999 4284 2066 4342 et
2102 4298 2242 4355 nos,
2274 4282 2341 4340 et
2370 4296 2520 4339 cum

613 4378 754 4463 ipsa
782 4384 848 4442 et
877 4398 995 4462 pro
1022 4377 1161 4460 ipsa
1187 4398 1593 4443 recurramus
1625 4379 1708 4444 ad
1737 4379 2246 4464 dispensatorem
2276 4377 2521 4457 salutis,

616 4480 699 4546 ad
769 4487 1095 4565 pastorem
1153 4488 1220 4545 et
1275 4479 1650 4566 episcopum
1710 4483 2075 4547 animarum
2130 4486 2520 4546 nostrarum.
