<?xml version="1.0" encoding="UTF-8"?>
<!DOCTYPE html PUBLIC "-//W3C//DTD XHTML 1.0 Transitional//EN"
    "http://www.w3.org/TR/xhtml1/DTD/xhtml1-transitional.dtd">
<html xmlns="http://www.w3.org/1999/xhtml" xml:lang="en" lang="en">
 <head>
  <title>
</title>
<meta http-equiv="Content-Type" content="text/html;charset=utf-8" />
  <meta name='ocr-system' content='tesseract 3.04.00' />
  <meta name='ocr-capabilities' content='ocr_page ocr_carea ocr_par ocr_line ocrx_word'/>
</head>
<body>
  <div class='ocr_page' id='page_1' title='image "./gilbertiexabbat01gilegoog_0051.png"; bbox 0 0 3200 5392; ppageno 0'>
   <div class='ocr_carea' id='block_1_1' title="bbox 0 0 3200 264">
    <p class='ocr_par' dir='ltr' id='par_1_1' title="bbox 0 0 3200 264">
     <span class='ocr_line' id='line_1_1' title="bbox 0 0 3200 264; baseline 0 5128"><span class='ocrx_word' id='word_1_1' title='bbox 0 0 3200 264; x_wconf 95' lang='lat' dir='ltr'><strong> </strong></span> 
     </span>
    </p>
   </div>
   <div class='ocr_carea' id='block_1_2' title="bbox 594 975 2493 1057">
    <p class='ocr_par' dir='ltr' id='par_1_2' title="bbox 594 975 2493 1057">
     <span class='ocr_line' id='line_1_2' title="bbox 594 975 2493 1057; baseline 0.002 -22"><span class='ocrx_word' id='word_1_2' title='bbox 594 995 728 1036; x_wconf 53' lang='grc' dir='ltr'><strong>ΑΛ).</strong></span> <span class='ocrx_word' id='word_1_3' title='bbox 770 975 1159 1057; x_wconf 80' lang='lat'>1161-·-89.]</span> <span class='ocrx_word' id='word_1_4' title='bbox 1253 996 1754 1038; x_wconf 78' lang='lat' dir='ltr'>LONDONIENSIS</span> <span class='ocrx_word' id='word_1_5' title='bbox 1789 997 2140 1040; x_wconf 66' lang='lat' dir='ltr'><strong>Erls&#39;romn.</strong></span> <span class='ocrx_word' id='word_1_6' title='bbox 2413 979 2493 1039; x_wconf 82' lang='lat'><strong>35</strong></span> 
     </span>
    </p>
   </div>
   <div class='ocr_carea' id='block_1_3' title="bbox 922 1324 2167 1390">
    <p class='ocr_par' dir='ltr' id='par_1_3' title="bbox 922 1324 2167 1390">
     <span class='ocr_line' id='line_1_3' title="bbox 922 1324 2167 1390; baseline 0.001 -1"><span class='ocrx_word' id='word_1_7' title='bbox 922 1325 1368 1389; x_wconf 76' lang='lat' dir='ltr'><strong>EPISTOLA</strong></span> <span class='ocrx_word' id='word_1_8' title='bbox 1412 1324 1913 1390; x_wconf 52' lang='lat' dir='ltr'><strong>ccxcv-in</strong></span> <span class='ocrx_word' id='word_1_9' title='bbox 1948 1374 2167 1390; x_wconf 89' lang='grc'><strong>.....</strong></span> 
     </span>
    </p>
   </div>
   <div class='ocr_carea' id='block_1_4' title="bbox 587 1475 2498 2073">
    <p class='ocr_par' dir='ltr' id='par_1_4' title="bbox 587 1475 2498 2073">
     <span class='ocr_line' id='line_1_4' title="bbox 676 1475 2498 1560; baseline 0 -19"><span class='ocrx_word' id='word_1_10' title='bbox 676 1476 893 1541; x_wconf 71' lang='lat' dir='ltr'><strong>Quum</strong></span> <span class='ocrx_word' id='word_1_11' title='bbox 927 1477 1242 1541; x_wconf 86' lang='lat' dir='ltr'><strong>hactenus</strong></span> <span class='ocrx_word' id='word_1_12' title='bbox 1285 1475 1457 1560; x_wconf 91' lang='lat' dir='ltr'><strong>apud</strong></span> <span class='ocrx_word' id='word_1_13' title='bbox 1500 1477 1910 1540; x_wconf 89' lang='lat' dir='ltr'><strong>clementiam</strong></span> <span class='ocrx_word' id='word_1_14' title='bbox 1939 1483 2218 1541; x_wconf 87' lang='lat' dir='ltr'><strong>vestram</strong></span> <span class='ocrx_word' id='word_1_15' title='bbox 2246 1478 2498 1541; x_wconf 82' lang='lat' dir='ltr'><strong>facilem</strong></span> 
     </span>
     <span class='ocr_line' id='line_1_5' title="bbox 591 1578 2495 1658; baseline 0.001 -18"><span class='ocrx_word' id='word_1_16' title='bbox 591 1585 883 1642; x_wconf 86' lang='lat' dir='ltr'><strong>votorum</strong></span> <span class='ocrx_word' id='word_1_17' title='bbox 933 1586 1304 1643; x_wconf 85' lang='lat' dir='ltr'><strong>nostrorum</strong></span> <span class='ocrx_word' id='word_1_18' title='bbox 1348 1578 1819 1643; x_wconf 84' lang='lat' dir='ltr'>obtinuerimus</span> <span class='ocrx_word' id='word_1_19' title='bbox 1871 1580 2189 1658; x_wconf 91' lang='lat' dir='ltr'><strong>effectum,</strong></span> <span class='ocrx_word' id='word_1_20' title='bbox 2239 1580 2495 1644; x_wconf 88' lang='lat' dir='ltr'><strong>eviden-</strong></span> 
     </span>
     <span class='ocr_line' id='line_1_6' title="bbox 590 1681 2496 1765; baseline 0.001 -21"><span class='ocrx_word' id='word_1_21' title='bbox 590 1688 689 1745; x_wconf 83' lang='lat' dir='ltr'><strong>ter</strong></span> <span class='ocrx_word' id='word_1_22' title='bbox 728 1681 1105 1765; x_wconf 83' lang='lat' dir='ltr'><strong>conjicimus</strong></span> <span class='ocrx_word' id='word_1_23' title='bbox 1135 1702 1214 1745; x_wconf 90' lang='lat' dir='ltr'><strong>ex</strong></span> <span class='ocrx_word' id='word_1_24' title='bbox 1242 1682 1603 1763; x_wconf 82' lang='lat' dir='ltr'><strong>praeteritis,</strong></span> <span class='ocrx_word' id='word_1_25' title='bbox 1637 1681 1809 1765; x_wconf 92' lang='lat' dir='ltr'><strong>quod</strong></span> <span class='ocrx_word' id='word_1_26' title='bbox 1850 1703 2102 1765; x_wconf 86' lang='lat' dir='ltr'><strong>sperare</strong></span> <span class='ocrx_word' id='word_1_27' title='bbox 2145 1681 2496 1746; x_wconf 82' lang='lat' dir='ltr'>debeamus</span> 
     </span>
     <span class='ocr_line' id='line_1_7' title="bbox 590 1781 2498 1867; baseline 0.001 -20"><span class='ocrx_word' id='word_1_28' title='bbox 590 1784 669 1848; x_wconf 93' lang='lat' dir='ltr'><strong>de</strong></span> <span class='ocrx_word' id='word_1_29' title='bbox 718 1785 972 1849; x_wconf 88' lang='lat' dir='ltr'><strong>futuris.</strong></span> <span class='ocrx_word' id='word_1_30' title='bbox 1097 1782 1272 1846; x_wconf 91' lang='lat' dir='ltr'><strong>Hinc</strong></span> <span class='ocrx_word' id='word_1_31' title='bbox 1331 1790 1430 1846; x_wconf 88' lang='lat' dir='ltr'><strong>est</strong></span> <span class='ocrx_word' id='word_1_32' title='bbox 1483 1783 1633 1866; x_wconf 91' lang='lat' dir='ltr'><strong>quia</strong></span> <span class='ocrx_word' id='word_1_33' title='bbox 1692 1782 1772 1847; x_wconf 89' lang='lat' dir='ltr'><strong>de</strong></span> <span class='ocrx_word' id='word_1_34' title='bbox 1829 1781 2234 1867; x_wconf 83' lang='lat' dir='ltr'><strong>benignitate</strong></span> <span class='ocrx_word' id='word_1_35' title='bbox 2286 1791 2498 1848; x_wconf 85' lang='lat' dir='ltr'><strong>vestra</strong></span> 
     </span>
     <span class='ocr_line' id='line_1_8' title="bbox 590 1880 2495 1963; baseline 0.001 -14"><span class='ocrx_word' id='word_1_36' title='bbox 590 1887 892 1951; x_wconf 86' lang='lat' dir='ltr'><strong>simulet</strong></span> <span class='ocrx_word' id='word_1_37' title='bbox 937 1887 1280 1951; x_wconf 83' lang='lat' dir='ltr'><strong>dilectione</strong></span> <span class='ocrx_word' id='word_1_38' title='bbox 1326 1887 1569 1963; x_wconf 89' lang='lat' dir='ltr'><strong>confisi,</strong></span> <span class='ocrx_word' id='word_1_39' title='bbox 1621 1886 1993 1950; x_wconf 81' lang='lat' dir='ltr'><strong>liberalitati</strong></span> <span class='ocrx_word' id='word_1_40' title='bbox 2035 1880 2265 1950; x_wconf 82' lang='lat' dir='ltr'><strong>vestrae</strong></span> <span class='ocrx_word' id='word_1_41' title='bbox 2310 1887 2495 1951; x_wconf 85' lang='lat' dir='ltr'><strong>devo-</strong></span> 
     </span>
     <span class='ocr_line' id='line_1_9' title="bbox 587 1989 2494 2073; baseline -0.001 -21"><span class='ocrx_word' id='word_1_42' title='bbox 587 1990 833 2053; x_wconf 82' lang='lat' dir='ltr'><strong>tissime</strong></span> <span class='ocrx_word' id='word_1_43' title='bbox 863 1990 1315 2073; x_wconf 86' lang='lat' dir='ltr'><strong>supplicamus,</strong></span> <span class='ocrx_word' id='word_1_44' title='bbox 1349 1989 1655 2072; x_wconf 86' lang='lat' dir='ltr'><strong>quatinus</strong></span> <span class='ocrx_word' id='word_1_45' title='bbox 1684 2010 1800 2072; x_wconf 87' lang='lat' dir='ltr'><strong>pro</strong></span> <span class='ocrx_word' id='word_1_46' title='bbox 1832 2009 2046 2053; x_wconf 84' lang='lat' dir='ltr'><strong>amore</strong></span> <span class='ocrx_word' id='word_1_47' title='bbox 2076 1989 2201 2052; x_wconf 92' lang='lat' dir='ltr'><strong>Dei</strong></span> <span class='ocrx_word' id='word_1_48' title='bbox 2242 1997 2308 2053; x_wconf 89' lang='lat' dir='ltr'><strong>et</strong></span> <span class='ocrx_word' id='word_1_49' title='bbox 2350 2010 2494 2052; x_wconf 90' lang='lat' dir='ltr'><strong>nos-</strong></span> 
     </span>
    </p>
   </div>
   <div class='ocr_carea' id='block_1_5' title="bbox 470 2090 2501 2183">
    <p class='ocr_par' dir='ltr' id='par_1_5' title="bbox 470 2090 2501 2183">
     <span class='ocr_line' id='line_1_10' title="bbox 470 2090 2501 2183; baseline 0 -29"><span class='ocrx_word' id='word_1_50' title='bbox 470 2178 475 2183; x_wconf 16' lang='lat'><strong>·</strong></span> <span class='ocrx_word' id='word_1_51' title='bbox 592 2097 712 2154; x_wconf 87' lang='lat' dir='ltr'><strong>trae</strong></span> <span class='ocrx_word' id='word_1_52' title='bbox 760 2091 814 2153; x_wconf 91' lang='lat' dir='ltr'><strong>si</strong></span> <span class='ocrx_word' id='word_1_53' title='bbox 864 2091 1074 2172; x_wconf 91' lang='lat' dir='ltr'><strong>placet</strong></span> <span class='ocrx_word' id='word_1_54' title='bbox 1124 2090 1330 2173; x_wconf 88' lang='lat' dir='ltr'><strong>precis</strong></span> <span class='ocrx_word' id='word_1_55' title='bbox 1376 2090 1643 2168; x_wconf 89' lang='lat' dir='ltr'><strong>intuitu,</strong></span> <span class='ocrx_word' id='word_1_56' title='bbox 1690 2110 1880 2172; x_wconf 87' lang='lat' dir='ltr'><strong>opere</strong></span> <span class='ocrx_word' id='word_1_57' title='bbox 1926 2091 2244 2174; x_wconf 90' lang='lat' dir='ltr'><strong>complere</strong></span> <span class='ocrx_word' id='word_1_58' title='bbox 2291 2091 2501 2155; x_wconf 88' lang='lat' dir='ltr'><strong>velitis</strong></span> 
     </span>
    </p>
   </div>
   <div class='ocr_carea' id='block_1_6' title="bbox 587 2191 2501 2787">
    <p class='ocr_par' dir='ltr' id='par_1_6' title="bbox 587 2191 2501 2787">
     <span class='ocr_line' id='line_1_11' title="bbox 595 2191 2500 2277; baseline 0.002 -23"><span class='ocrx_word' id='word_1_59' title='bbox 595 2191 767 2274; x_wconf 89' lang='lat' dir='ltr'><strong>quod</strong></span> <span class='ocrx_word' id='word_1_60' title='bbox 797 2213 904 2254; x_wconf 87' lang='lat' dir='ltr'><strong>ore</strong></span> <span class='ocrx_word' id='word_1_61' title='bbox 933 2191 1336 2274; x_wconf 86' lang='lat' dir='ltr'><strong>promisistis.</strong></span> <span class='ocrx_word' id='word_1_62' title='bbox 1417 2192 1688 2255; x_wconf 82' lang='lat' dir='ltr'><strong>Exultat</strong></span> <span class='ocrx_word' id='word_1_63' title='bbox 1719 2192 2033 2275; x_wconf 86' lang='lat' dir='ltr'><strong>siquidem</strong></span> <span class='ocrx_word' id='word_1_64' title='bbox 2065 2193 2324 2277; x_wconf 84' lang='lat' dir='ltr'><strong>spiritus</strong></span> <span class='ocrx_word' id='word_1_65' title='bbox 2353 2215 2500 2257; x_wconf 87' lang='lat' dir='ltr'><strong>nos-</strong></span> 
     </span>
     <span class='ocr_line' id='line_1_12' title="bbox 591 2293 2501 2377; baseline 0.001 -20"><span class='ocrx_word' id='word_1_66' title='bbox 591 2300 692 2358; x_wconf 87' lang='lat' dir='ltr'><strong>ter</strong></span> <span class='ocrx_word' id='word_1_67' title='bbox 734 2295 806 2358; x_wconf 91' lang='lat' dir='ltr'><strong>in</strong></span> <span class='ocrx_word' id='word_1_68' title='bbox 849 2295 990 2358; x_wconf 92' lang='lat' dir='ltr'><strong>Deo</strong></span> <span class='ocrx_word' id='word_1_69' title='bbox 1035 2293 1299 2357; x_wconf 85' lang='lat' dir='ltr'><strong>salutari</strong></span> <span class='ocrx_word' id='word_1_70' title='bbox 1343 2300 1565 2358; x_wconf 84' lang='lat' dir='ltr'><strong>nostro</strong></span> <span class='ocrx_word' id='word_1_71' title='bbox 1609 2295 1761 2377; x_wconf 91' lang='lat' dir='ltr'><strong>quia</strong></span> <span class='ocrx_word' id='word_1_72' title='bbox 1799 2295 2074 2377; x_wconf 84' lang='lat' dir='ltr'><strong>respexit</strong></span> <span class='ocrx_word' id='word_1_73' title='bbox 2115 2305 2181 2359; x_wconf 89' lang='lat' dir='ltr'><strong>et</strong></span> <span class='ocrx_word' id='word_1_74' title='bbox 2222 2296 2501 2359; x_wconf 85' lang='lat' dir='ltr'><strong>visitavit</strong></span> 
     </span>
     <span class='ocr_line' id='line_1_13' title="bbox 590 2395 2498 2481; baseline 0.002 -22"><span class='ocrx_word' id='word_1_75' title='bbox 590 2418 701 2460; x_wconf 86' lang='lat' dir='ltr'><strong>vos</strong></span> <span class='ocrx_word' id='word_1_76' title='bbox 728 2395 940 2460; x_wconf 86' lang='lat' dir='ltr'><strong>oriens</strong></span> <span class='ocrx_word' id='word_1_77' title='bbox 982 2417 1061 2460; x_wconf 91' lang='lat' dir='ltr'><strong>ex</strong></span> <span class='ocrx_word' id='word_1_78' title='bbox 1101 2397 1253 2460; x_wconf 91' lang='lat' dir='ltr'><strong>alto.</strong></span> <span class='ocrx_word' id='word_1_79' title='bbox 1346 2395 1470 2459; x_wconf 89' lang='lat' dir='ltr'><strong>Cui</strong></span> <span class='ocrx_word' id='word_1_80' title='bbox 1500 2396 1738 2479; x_wconf 84' lang='lat' dir='ltr'><strong>gratias</strong></span> <span class='ocrx_word' id='word_1_81' title='bbox 1769 2417 1890 2479; x_wconf 89' lang='lat' dir='ltr'><strong>ago</strong></span> <span class='ocrx_word' id='word_1_82' title='bbox 1922 2396 2095 2480; x_wconf 92' lang='lat' dir='ltr'><strong>quod</strong></span> <span class='ocrx_word' id='word_1_83' title='bbox 2124 2396 2336 2461; x_wconf 85' lang='lat' dir='ltr'><strong>zelum</strong></span> <span class='ocrx_word' id='word_1_84' title='bbox 2365 2419 2498 2481; x_wconf 89' lang='lat' dir='ltr'><strong>poe-</strong></span> 
     </span>
     <span class='ocr_line' id='line_1_14' title="bbox 590 2495 2496 2579; baseline 0.001 -20"><span class='ocrx_word' id='word_1_85' title='bbox 590 2496 886 2560; x_wconf 85' lang='lat' dir='ltr'><strong>nitentiae</strong></span> <span class='ocrx_word' id='word_1_86' title='bbox 931 2495 1240 2579; x_wconf 86' lang='lat' dir='ltr'><strong>inspirare</strong></span> <span class='ocrx_word' id='word_1_87' title='bbox 1286 2495 1465 2558; x_wconf 88' lang='lat' dir='ltr'><strong>vobis</strong></span> <span class='ocrx_word' id='word_1_88' title='bbox 1514 2517 1630 2558; x_wconf 91' lang='lat' dir='ltr'><strong>sua</strong></span> <span class='ocrx_word' id='word_1_89' title='bbox 1679 2495 1948 2578; x_wconf 85' lang='lat' dir='ltr'><strong>dignata</strong></span> <span class='ocrx_word' id='word_1_90' title='bbox 1993 2503 2091 2559; x_wconf 89' lang='lat' dir='ltr'><strong>est</strong></span> <span class='ocrx_word' id='word_1_91' title='bbox 2135 2496 2496 2561; x_wconf 89' lang='lat' dir='ltr'><strong>clementia.</strong></span> 
     </span>
     <span class='ocr_line' id='line_1_15' title="bbox 587 2592 2494 2683; baseline 0.002 -22"><span class='ocrx_word' id='word_1_92' title='bbox 587 2599 917 2683; x_wconf 88' lang='lat' dir='ltr'><strong>Impulsus</strong></span> <span class='ocrx_word' id='word_1_93' title='bbox 948 2599 1141 2662; x_wconf 89' lang='lat' dir='ltr'><strong>eratis</strong></span> <span class='ocrx_word' id='word_1_94' title='bbox 1184 2592 1661 2662; x_wconf 85' lang='lat' dir='ltr'><strong>machinatione</strong></span> <span class='ocrx_word' id='word_1_95' title='bbox 1693 2598 1929 2663; x_wconf 86' lang='lat' dir='ltr'><strong>diaboli</strong></span> <span class='ocrx_word' id='word_1_96' title='bbox 1957 2606 2034 2661; x_wconf 92' lang='lat' dir='ltr'><strong>ut</strong></span> <span class='ocrx_word' id='word_1_97' title='bbox 2065 2598 2396 2678; x_wconf 74' lang='lat' dir='ltr'><strong>caderetiS,</strong></span> <span class='ocrx_word' id='word_1_98' title='bbox 2428 2606 2494 2664; x_wconf 91' lang='lat' dir='ltr'><strong>et</strong></span> 
     </span>
     <span class='ocr_line' id='line_1_16' title="bbox 592 2701 2416 2787; baseline 0 -22"><span class='ocrx_word' id='word_1_99' title='bbox 592 2723 704 2785; x_wconf 86' lang='lat' dir='ltr'><strong>per</strong></span> <span class='ocrx_word' id='word_1_100' title='bbox 733 2702 1029 2787; x_wconf 88' lang='lat' dir='ltr'><strong>spiritum</strong></span> <span class='ocrx_word' id='word_1_101' title='bbox 1061 2709 1359 2766; x_wconf 90' lang='lat' dir='ltr'><strong>sanctum</strong></span> <span class='ocrx_word' id='word_1_102' title='bbox 1390 2701 1670 2785; x_wconf 88' lang='lat' dir='ltr'><strong>suscepit</strong></span> <span class='ocrx_word' id='word_1_103' title='bbox 1699 2723 1809 2765; x_wconf 89' lang='lat' dir='ltr'><strong>vos</strong></span> <span class='ocrx_word' id='word_1_104' title='bbox 1841 2702 2102 2765; x_wconf 84' lang='lat' dir='ltr'><strong>dextera</strong></span> <span class='ocrx_word' id='word_1_105' title='bbox 2131 2702 2416 2768; x_wconf 88' lang='lat' dir='ltr'><strong>Domini.</strong></span> 
     </span>
    </p>
   </div>
   <div class='ocr_carea' id='block_1_7' title="bbox 905 3000 2186 3068">
    <p class='ocr_par' dir='ltr' id='par_1_7' title="bbox 905 3000 2186 3068">
     <span class='ocr_line' id='line_1_17' title="bbox 905 3000 2186 3068; baseline -0.002 -1"><span class='ocrx_word' id='word_1_106' title='bbox 905 3000 1350 3068; x_wconf 82' lang='lat' dir='ltr'><strong>EPISTOLA</strong></span> <span class='ocrx_word' id='word_1_107' title='bbox 1394 3002 1932 3067; x_wconf 73' lang='lat' dir='ltr'><strong>CCXCVI.-An</strong></span> <span class='ocrx_word' id='word_1_108' title='bbox 1968 3050 2186 3066; x_wconf 91' lang='lat'><strong>.....</strong></span> 
     </span>
    </p>
   </div>
   <div class='ocr_carea' id='block_1_8' title="bbox 592 3152 2503 3644">
    <p class='ocr_par' dir='ltr' id='par_1_8' title="bbox 592 3152 2503 3644">
     <span class='ocr_line' id='line_1_18' title="bbox 677 3152 2499 3237; baseline 0.001 -21"><span class='ocrx_word' id='word_1_109' title='bbox 677 3153 935 3217; x_wconf 68' lang='lat' dir='ltr'><strong>Nomou</strong></span> <span class='ocrx_word' id='word_1_110' title='bbox 984 3153 1068 3217; x_wconf 93' lang='lat' dir='ltr'><strong>sit</strong></span> <span class='ocrx_word' id='word_1_111' title='bbox 1112 3161 1252 3218; x_wconf 85' lang='lat' dir='ltr'><strong>tam</strong></span> <span class='ocrx_word' id='word_1_112' title='bbox 1296 3153 1724 3237; x_wconf 71' lang='lat' dir='ltr'><strong>praesentibus</strong></span> <span class='ocrx_word' id='word_1_113' title='bbox 1775 3173 1968 3234; x_wconf 84' lang='lat' dir='ltr'><strong>quam</strong></span> <span class='ocrx_word' id='word_1_114' title='bbox 2018 3152 2274 3230; x_wconf 83' lang='lat' dir='ltr'><strong>futuris,</strong></span> <span class='ocrx_word' id='word_1_115' title='bbox 2323 3154 2499 3237; x_wconf 90' lang='lat' dir='ltr'><strong>quod</strong></span> 
     </span>
     <span class='ocr_line' id='line_1_19' title="bbox 594 3254 2498 3339; baseline 0.001 -20"><span class='ocrx_word' id='word_1_116' title='bbox 594 3276 714 3337; x_wconf 86' lang='lat' dir='ltr'><strong>ego</strong></span> <span class='ocrx_word' id='word_1_117' title='bbox 745 3255 1077 3319; x_wconf 80' lang='lat' dir='ltr'><strong>Gilbertus</strong></span> <span class='ocrx_word' id='word_1_118' title='bbox 1107 3254 1580 3319; x_wconf 88' lang='lat' dir='ltr'><strong>Londoniensis</strong></span> <span class='ocrx_word' id='word_1_119' title='bbox 1622 3256 1953 3339; x_wconf 87' lang='lat' dir='ltr'><strong>episcopus</strong></span> <span class='ocrx_word' id='word_1_120' title='bbox 1996 3255 2143 3319; x_wconf 91' lang='lat' dir='ltr'><strong>dedi</strong></span> <span class='ocrx_word' id='word_1_121' title='bbox 2171 3255 2498 3320; x_wconf 91' lang='lat' dir='ltr'><strong>Willelmo</strong></span> 
     </span>
     <span class='ocr_line' id='line_1_20' title="bbox 595 3355 2500 3440; baseline -0.001 -18"><span class='ocrx_word' id='word_1_122' title='bbox 595 3356 839 3440; x_wconf 87' lang='lat' dir='ltr'><strong>Coquo,</strong></span> <span class='ocrx_word' id='word_1_123' title='bbox 872 3355 1175 3420; x_wconf 81' lang='lat' dir='ltr'><strong>servienti</strong></span> <span class='ocrx_word' id='word_1_124' title='bbox 1217 3378 1383 3434; x_wconf 90' lang='lat' dir='ltr'><strong>meo,</strong></span> <span class='ocrx_word' id='word_1_125' title='bbox 1427 3378 1546 3440; x_wconf 84' lang='lat' dir='ltr'><strong>pro</strong></span> <span class='ocrx_word' id='word_1_126' title='bbox 1590 3358 1845 3420; x_wconf 84' lang='lat' dir='ltr'><strong>servitio</strong></span> <span class='ocrx_word' id='word_1_127' title='bbox 1890 3378 2026 3433; x_wconf 88' lang='lat' dir='ltr'><strong>suo,</strong></span> <span class='ocrx_word' id='word_1_128' title='bbox 2071 3363 2279 3421; x_wconf 88' lang='lat' dir='ltr'><strong>totam</strong></span> <span class='ocrx_word' id='word_1_129' title='bbox 2321 3358 2500 3421; x_wconf 86' lang='lat' dir='ltr'><strong>illam</strong></span> 
     </span>
     <span class='ocr_line' id='line_1_21' title="bbox 592 3457 2503 3541; baseline -0.001 -17"><span class='ocrx_word' id='word_1_130' title='bbox 592 3465 834 3525; x_wconf 83' lang='lat' dir='ltr'><strong>terram</strong></span> <span class='ocrx_word' id='word_1_131' title='bbox 864 3457 945 3521; x_wconf 90' lang='lat' dir='ltr'><strong>de</strong></span> <span class='ocrx_word' id='word_1_132' title='bbox 974 3457 1241 3540; x_wconf 87' lang='lat' dir='ltr'><strong>antiquo</strong></span> <span class='ocrx_word' id='word_1_133' title='bbox 1271 3459 1574 3541; x_wconf 89' lang='lat' dir='ltr'><strong>managio</strong></span> <span class='ocrx_word' id='word_1_134' title='bbox 1604 3458 1777 3541; x_wconf 90' lang='lat' dir='ltr'><strong>apud</strong></span> <span class='ocrx_word' id='word_1_135' title='bbox 1806 3459 2139 3537; x_wconf 86' lang='lat' dir='ltr'><strong>Fuleham,</strong></span> <span class='ocrx_word' id='word_1_136' title='bbox 2164 3480 2309 3541; x_wconf 79' lang='lat' dir='ltr'><strong>quae</strong></span> <span class='ocrx_word' id='word_1_137' title='bbox 2329 3459 2503 3541; x_wconf 87' lang='lat' dir='ltr'><strong>jacet</strong></span> 
     </span>
     <span class='ocr_line' id='line_1_22' title="bbox 593 3561 2498 3644; baseline 0 -19"><span class='ocrx_word' id='word_1_138' title='bbox 593 3562 763 3625; x_wconf 88' lang='lat' dir='ltr'><strong>circa</strong></span> <span class='ocrx_word' id='word_1_139' title='bbox 810 3561 1164 3638; x_wconf 88' lang='lat' dir='ltr'><strong>ecclesiam,</strong></span> <span class='ocrx_word' id='word_1_140' title='bbox 1219 3561 1387 3625; x_wconf 90' lang='lat' dir='ltr'><strong>sicut</strong></span> <span class='ocrx_word' id='word_1_141' title='bbox 1437 3562 1548 3625; x_wconf 89' lang='lat' dir='ltr'><strong>illa</strong></span> <span class='ocrx_word' id='word_1_142' title='bbox 1599 3561 1800 3625; x_wconf 83' lang='lat' dir='ltr'><strong>divisa</strong></span> <span class='ocrx_word' id='word_1_143' title='bbox 1856 3568 1955 3625; x_wconf 91' lang='lat' dir='ltr'><strong>est</strong></span> <span class='ocrx_word' id='word_1_144' title='bbox 2012 3582 2128 3644; x_wconf 89' lang='lat' dir='ltr'><strong>per</strong></span> <span class='ocrx_word' id='word_1_145' title='bbox 2176 3562 2498 3641; x_wconf 85' lang='lat' dir='ltr'><strong>fossatam,</strong></span> 
     </span>
    </p>
   </div>
   <div class='ocr_carea' id='block_1_9' title="bbox 594 3650 2632 3749">
    <p class='ocr_par' dir='ltr' id='par_1_9' title="bbox 594 3650 2632 3749">
     <span class='ocr_line' id='line_1_23' title="bbox 594 3650 2632 3749; baseline 0.001 -21"><span class='ocrx_word' id='word_1_146' title='bbox 594 3664 748 3728; x_wconf 87' lang='lat' dir='ltr'><strong>hinc</strong></span> <span class='ocrx_word' id='word_1_147' title='bbox 778 3685 817 3727; x_wconf 90' lang='lat' dir='ltr'><strong>a</strong></span> <span class='ocrx_word' id='word_1_148' title='bbox 844 3664 1126 3747; x_wconf 85' lang='lat' dir='ltr'><strong>virgulto</strong></span> <span class='ocrx_word' id='word_1_149' title='bbox 1165 3664 1463 3748; x_wconf 87' lang='lat' dir='ltr'><strong>episcopi,</strong></span> <span class='ocrx_word' id='word_1_150' title='bbox 1491 3664 1646 3728; x_wconf 91' lang='lat' dir='ltr'><strong>inde</strong></span> <span class='ocrx_word' id='word_1_151' title='bbox 1687 3686 1726 3728; x_wconf 90' lang='lat' dir='ltr'><strong>a</strong></span> <span class='ocrx_word' id='word_1_152' title='bbox 1762 3664 1866 3728; x_wconf 86' lang='lat' dir='ltr'><strong>via</strong></span> <span class='ocrx_word' id='word_1_153' title='bbox 1902 3663 2178 3748; x_wconf 89' lang='lat' dir='ltr'><strong>publica,</strong></span> <span class='ocrx_word' id='word_1_154' title='bbox 2211 3687 2354 3749; x_wconf 83' lang='lat' dir='ltr'><strong>quae</strong></span> <span class='ocrx_word' id='word_1_155' title='bbox 2393 3665 2502 3730; x_wconf 90' lang='lat' dir='ltr'><strong>de·</strong></span> <span class='ocrx_word' id='word_1_156' title='bbox 2621 3650 2632 3660; x_wconf 60' lang='grc'><strong>’</strong></span> 
     </span>
    </p>
   </div>
   <div class='ocr_carea' id='block_1_10' title="bbox 594 3767 2502 4362">
    <p class='ocr_par' dir='ltr' id='par_1_10' title="bbox 594 3767 2502 4362">
     <span class='ocr_line' id='line_1_24' title="bbox 596 3767 2500 3834; baseline 0.002 -4"><span class='ocrx_word' id='word_1_157' title='bbox 596 3767 845 3831; x_wconf 90' lang='lat' dir='ltr'><strong>scendit</strong></span> <span class='ocrx_word' id='word_1_158' title='bbox 882 3768 953 3830; x_wconf 94' lang='lat' dir='ltr'><strong>in</strong></span> <span class='ocrx_word' id='word_1_159' title='bbox 992 3767 1358 3832; x_wconf 81' lang='lat' dir='ltr'><strong>Tamisiam.</strong></span> <span class='ocrx_word' id='word_1_160' title='bbox 1452 3768 1646 3831; x_wconf 88' lang='lat' dir='ltr'><strong>Hanc</strong></span> <span class='ocrx_word' id='word_1_161' title='bbox 1690 3774 1909 3831; x_wconf 88' lang='lat' dir='ltr'><strong>autem</strong></span> <span class='ocrx_word' id='word_1_162' title='bbox 1951 3767 2099 3832; x_wconf 84' lang='lat' dir='ltr'><strong>dedi</strong></span> <span class='ocrx_word' id='word_1_163' title='bbox 2136 3768 2234 3832; x_wconf 93' lang='lat' dir='ltr'><strong>illi</strong></span> <span class='ocrx_word' id='word_1_164' title='bbox 2269 3775 2500 3834; x_wconf 90' lang='lat' dir='ltr'><strong>tenen-</strong></span> 
     </span>
     <span class='ocr_line' id='line_1_25' title="bbox 598 3868 2502 3934; baseline 0.001 -1"><span class='ocrx_word' id='word_1_165' title='bbox 598 3870 747 3933; x_wconf 89' lang='lat' dir='ltr'><strong>dam</strong></span> <span class='ocrx_word' id='word_1_166' title='bbox 788 3870 868 3934; x_wconf 94' lang='lat' dir='ltr'><strong>de</strong></span> <span class='ocrx_word' id='word_1_167' title='bbox 905 3891 1012 3933; x_wconf 91' lang='lat' dir='ltr'><strong>me</strong></span> <span class='ocrx_word' id='word_1_168' title='bbox 1051 3876 1117 3933; x_wconf 90' lang='lat' dir='ltr'><strong>et</strong></span> <span class='ocrx_word' id='word_1_169' title='bbox 1158 3868 1628 3934; x_wconf 89' lang='lat' dir='ltr'><strong>successoribus</strong></span> <span class='ocrx_word' id='word_1_170' title='bbox 1656 3869 1817 3934; x_wconf 92' lang='lat' dir='ltr'><strong>meis</strong></span> <span class='ocrx_word' id='word_1_171' title='bbox 1847 3869 2046 3933; x_wconf 85' lang='lat' dir='ltr'><strong>libere</strong></span> <span class='ocrx_word' id='word_1_172' title='bbox 2081 3875 2148 3932; x_wconf 88' lang='lat' dir='ltr'><strong>et</strong></span> <span class='ocrx_word' id='word_1_173' title='bbox 2182 3869 2502 3934; x_wconf 87' lang='lat' dir='ltr'><strong>heredita-</strong></span> 
     </span>
     <span class='ocr_line' id='line_1_26' title="bbox 597 3971 2501 4055; baseline 0.001 -19"><span class='ocrx_word' id='word_1_174' title='bbox 597 3972 832 4051; x_wconf 85' lang='lat' dir='ltr'><strong>biliter,</strong></span> <span class='ocrx_word' id='word_1_175' title='bbox 881 3993 997 4055; x_wconf 85' lang='lat' dir='ltr'><strong>pro</strong></span> <span class='ocrx_word' id='word_1_176' title='bbox 1044 3993 1178 4035; x_wconf 90' lang='lat' dir='ltr'><strong>una</strong></span> <span class='ocrx_word' id='word_1_177' title='bbox 1223 3971 1389 4035; x_wconf 86' lang='lat' dir='ltr'><strong>libra</strong></span> <span class='ocrx_word' id='word_1_178' title='bbox 1437 3971 1673 4055; x_wconf 86' lang='lat' dir='ltr'><strong>piperis</strong></span> <span class='ocrx_word' id='word_1_179' title='bbox 1722 3971 2079 4050; x_wconf 89' lang='lat' dir='ltr'><strong>annuatim,</strong></span> <span class='ocrx_word' id='word_1_180' title='bbox 2127 3971 2210 4035; x_wconf 89' lang='lat' dir='ltr'><strong>ad</strong></span> <span class='ocrx_word' id='word_1_181' title='bbox 2260 3974 2501 4037; x_wconf 85' lang='lat' dir='ltr'><strong>festum</strong></span> 
     </span>
     <span class='ocr_line' id='line_1_27' title="bbox 596 4073 2501 4158; baseline 0.001 -20"><span class='ocrx_word' id='word_1_182' title='bbox 596 4076 803 4139; x_wconf 88' lang='lat' dir='ltr'><strong>sancti</strong></span> <span class='ocrx_word' id='word_1_183' title='bbox 847 4074 1188 4138; x_wconf 90' lang='lat' dir='ltr'><strong>Michaelis</strong></span> <span class='ocrx_word' id='word_1_184' title='bbox 1240 4074 1472 4139; x_wconf 83' lang='lat' dir='ltr'><strong>exinde</strong></span> <span class='ocrx_word' id='word_1_185' title='bbox 1524 4075 1845 4139; x_wconf 86' lang='lat' dir='ltr'><strong>solvenda.</strong></span> <span class='ocrx_word' id='word_1_186' title='bbox 1938 4073 2149 4153; x_wconf 77' lang='lat' dir='ltr'><strong>Quod,</strong></span> <span class='ocrx_word' id='word_1_187' title='bbox 2199 4076 2350 4158; x_wconf 89' lang='lat' dir='ltr'><strong>quia</strong></span> <span class='ocrx_word' id='word_1_188' title='bbox 2394 4077 2501 4139; x_wconf 83' lang='lat' dir='ltr'><strong>fir-</strong></span> 
     </span>
     <span class='ocr_line' id='line_1_28' title="bbox 594 4177 2501 4261; baseline 0.001 -20"><span class='ocrx_word' id='word_1_189' title='bbox 594 4198 775 4241; x_wconf 92' lang='lat' dir='ltr'><strong>mum</strong></span> <span class='ocrx_word' id='word_1_190' title='bbox 821 4186 888 4241; x_wconf 92' lang='lat' dir='ltr'><strong>et</strong></span> <span class='ocrx_word' id='word_1_191' title='bbox 930 4177 1378 4241; x_wconf 87' lang='lat' dir='ltr'><strong>inconvulsum</strong></span> <span class='ocrx_word' id='word_1_192' title='bbox 1416 4187 1679 4241; x_wconf 87' lang='lat' dir='ltr'><strong>manere</strong></span> <span class='ocrx_word' id='word_1_193' title='bbox 1716 4177 1877 4255; x_wconf 82' lang='lat' dir='ltr'><strong>v010,</strong></span> <span class='ocrx_word' id='word_1_194' title='bbox 1920 4177 2220 4260; x_wconf 78' lang='lat' dir='ltr'><strong>praesenti</strong></span> <span class='ocrx_word' id='word_1_195' title='bbox 2265 4179 2501 4261; x_wconf 87' lang='lat' dir='ltr'><strong>scripto</strong></span> 
     </span>
     <span class='ocr_line' id='line_1_29' title="bbox 597 4277 2500 4362; baseline -0.001 -18"><span class='ocrx_word' id='word_1_196' title='bbox 597 4291 662 4344; x_wconf 89' lang='lat' dir='ltr'><strong>et</strong></span> <span class='ocrx_word' id='word_1_197' title='bbox 691 4279 883 4362; x_wconf 86' lang='lat' dir='ltr'><strong>sigilli</strong></span> <span class='ocrx_word' id='word_1_198' title='bbox 911 4280 1040 4344; x_wconf 90' lang='lat' dir='ltr'><strong>mei</strong></span> <span class='ocrx_word' id='word_1_199' title='bbox 1069 4279 1486 4345; x_wconf 86' lang='lat' dir='ltr'><strong>attestatione</strong></span> <span class='ocrx_word' id='word_1_200' title='bbox 1517 4280 1847 4344; x_wconf 85' lang='lat' dir='ltr'><strong>confirmo.</strong></span> <span class='ocrx_word' id='word_1_201' title='bbox 1920 4278 2043 4343; x_wconf 92' lang='lat' dir='ltr'><strong>His</strong></span> <span class='ocrx_word' id='word_1_202' title='bbox 2072 4277 2347 4343; x_wconf 89' lang='lat' dir='ltr'><strong>testibus</strong></span> <span class='ocrx_word' id='word_1_203' title='bbox 2383 4328 2398 4343; x_wconf 91' lang='lat'>.</span> <span class='ocrx_word' id='word_1_204' title='bbox 2434 4327 2449 4343; x_wconf 91' lang='lat'><strong>.</strong></span> <span class='ocrx_word' id='word_1_205' title='bbox 2486 4328 2500 4342; x_wconf 91' lang='lat'><strong>.</strong></span> 
     </span>
    </p>
   </div>
   <div class='ocr_carea' id='block_1_11' title="bbox 1499 4695 1616 4754">
    <p class='ocr_par' dir='ltr' id='par_1_11' title="bbox 1499 4695 1616 4754">
     <span class='ocr_line' id='line_1_30' title="bbox 1499 4695 1616 4754; baseline 0.009 -1"><span class='ocrx_word' id='word_1_206' title='bbox 1499 4695 1616 4754; x_wconf 80' lang='lat' dir='ltr'><strong>n2</strong></span> 
     </span>
    </p>
   </div>
  </div>
 </body>
</html>
