3200 5392
591 887 726 929 Aa).
764 867 1173 950 1161-8937
1259 887 1591 930 Er1sroLAE
1625 886 1946 937 QUAEDAM.
2368 871 2488 932 145

587 1002 732 1077 post
804 996 1077 1059 multam
1149 996 1318 1078 regis
1389 995 1939 1078 perturbationem
2014 995 2486 1079 archiepiscopi,

588 1098 883 1181 episcopi,
934 1105 1000 1162 et
1047 1097 1310 1162 abbates
1362 1099 1546 1181 regni
1591 1098 1848 1181 Angliae
1894 1119 2041 1162 cum
2089 1121 2222 1163 non
2267 1099 2486 1181 paucis

586 1200 825 1282 pariter
853 1199 1097 1264 clericis
1128 1222 1166 1263 a
1193 1200 1379 1265 nobis
1408 1201 1729 1265 instanter
1771 1201 2235 1284 perquirerent,
2266 1208 2486 1264 utrum

584 1310 1018 1385 praenotatum
1072 1304 1619 1388 archiepiscopum
1671 1326 1782 1367 seu
1837 1326 1913 1367 ex
1966 1305 2178 1387 aliquo
2230 1304 2486 1388 speciali

584 1405 910 1483 mandato,
958 1427 1071 1469 seu
1113 1407 1361 1471 ratione
1406 1407 1745 1490 legationis
1792 1406 1873 1470 ad
1911 1407 2228 1490 judicium
2270 1429 2483 1491 posse-

583 1529 729 1571 mus
777 1508 1176 1592 distringere,
1227 1518 1292 1574 et
1344 1511 1414 1574 in
1472 1510 1592 1573 hac
1643 1520 1824 1592 parte
1874 1510 2059 1573 nobis
2108 1510 2483 1574 facultatem

583 1610 800 1675 deesse
847 1620 1325 1694 cognoscerent,
1365 1613 1674 1676 timentes
1719 1634 1802 1676 ne
1845 1619 2231 1697 praetaxatus
2279 1614 2481 1677 archi-

582 1712 913 1795 episcopus
967 1714 1216 1797 abjecto
1260 1715 1598 1798 judiciario
1649 1715 1892 1794 ordine,
1944 1716 2107 1780 sicut
2166 1715 2291 1779 alia
2348 1716 2482 1780 vice

580 1814 839 1893 fecerat,
887 1816 1206 1899 aliquibus
1250 1817 1434 1899 regni
1479 1818 1763 1900 personis
1809 1839 2153 1900 gravamen
2194 1819 2480 1896 inferret,

583 1918 887 1999 quoniam
933 1927 1156 1982 nostra
1201 1919 1323 1981 sibi
1367 1920 1584 1983 taliter
1630 1920 1879 1983 inutilis
1932 1928 2070 1983 erat
2121 1922 2480 2003 praesentia,

582 2025 649 2080 et
708 2019 790 2081 ad
847 2020 1120 2082 tutelam
1180 2028 1405 2084 contra
1455 2022 1817 2104 episcopum
1873 2023 2088 2085 minus
2141 2024 2479 2102 sufficiens,

580 2120 874 2183 unanimi
941 2127 1195 2204 sumpto
1255 2123 1517 2186 consilio
1577 2123 1659 2186 ad
1718 2131 1993 2186 vestram
2052 2126 2480 2188 communiter

581 2221 973 2286 audientiam
1016 2224 1438 2306 appellarunt,
1473 2225 1882 2308 appellationi
1926 2226 2277 2289 terminum
2321 2248 2479 2309 prae-

578 2325 850 2407 figentes
888 2327 956 2388 in
998 2325 1277 2409 hyemali
1314 2327 1480 2391 sesto
1520 2328 1725 2391 sancti
1764 2327 2057 2405 Martini,
2089 2329 2352 2391 interim
2390 2350 2475 2407 se,

578 2434 644 2491 et
690 2449 806 2491 sua
849 2428 968 2491 sub
1015 2430 1359 2511 apostolica
1394 2431 1791 2512 protectione
1828 2437 2162 2513 ponentes,
2195 2437 2260 2494 et
2292 2452 2477 2514 quas-

576 2530 734 2594 libet
774 2532 957 2614 regni
996 2552 1318 2613 personas,
1351 2554 1470 2596 nec
1511 2555 1643 2596 non
1685 2539 1751 2596 et
1789 2533 2161 2596 universum
2201 2554 2477 2615 regnum

577 2632 696 2695 sub
745 2634 1031 2716 ejusdem
1085 2635 1527 2718 appellationis
1573 2636 1979 2701 includentes
2027 2635 2255 2700 edict0.
2346 2636 2475 2699 De-

574 2736 772 2818 nique
813 2757 930 2799 nos
971 2738 1305 2819 negotium
1346 2739 1523 2802 istud
1561 2739 1632 2801 in
1673 2739 2027 2802 maximum
2058 2737 2338 2802 ecclesiae
2368 2737 2476 2801 de-

573 2839 956 2902 trimentum
1006 2861 1265 2922 vergere
1317 2851 1794 2924 cognoscentes,
1850 2841 2212 2925 supradicto
2272 2840 2475 2905 archi-

577 2940 868 3023 episcopo
938 2943 1318 3005 auctoritate
1377 2951 1588 3006 vestra
1661 2951 1726 3005 et
1801 2950 2021 3007 nostra
2077 2943 2475 3024 prohibendo

574 3045 1035 3122 mandavimuS,
1085 3066 1169 3107 ne
1228 3045 1308 3109 de
1368 3053 1617 3123 caetero,
1667 3052 1809 3108 tum
1858 3045 2009 3128 quia
2060 3046 2285 3109 vestris
2337 3053 2474 3109 erat

574 3146 927 3210 inhibitum
971 3147 1192 3225 literis,
1226 3155 1368 3211 tum
1414 3148 1562 3230 quia
1608 3148 1959 3212 solenniter
2001 3147 2212 3210 fuerat
2258 3148 2470 3230 appel-

572 3248 799 3325 latum,
859 3249 930 3310 in
988 3250 1428 3332 praescriptum
1486 3270 1782 3331 regnum,
1843 3250 1943 3312 vel
2000 3269 2322 3330 personas,
2370 3250 2471 3313 vel

573 3351 866 3416 ecclesias
888 3351 1092 3433 regni
1133 3350 1373 3433 aliquid
1414 3351 1798 3434 gravaminis
1839 3357 2205 3414 attentaret.
2298 3353 2471 3433 Apo-

571 3456 810 3519 stolicae
853 3456 1072 3537 itaque
1117 3453 1699 3537 circumspectionis
1744 3453 1865 3517 erit
1912 3452 2225 3515 attentius
2264 3453 2472 3534 provi-¹

569 3559 738 3638 dere,
778 3581 867 3623 rne
911 3559 1083 3622 idem
1128 3551 1461 3640 negotium
1499 3557 1570 3620 in
1611 3577 1799 3638 grave
1841 3555 2150 3618 damnum
2191 3555 2470 3618 ecclesiae

566 3671 871 3740 vertatur,
919 3662 1083 3725 sicut
1129 3660 1216 3739 hi,
1251 3662 1360 3743 qui
1405 3659 1755 3724 attendunt
1800 3659 2123 3742 profectus
2167 3658 2465 3736 ecclesiae,

566 3773 868 3830 verentur
897 3773 963 3830 et
991 3765 1246 3829 timent.

726 4114 1164 4178 EPISTOLA
1211 4114 1911 4178 ccccv—mosum
1944 4132 2293 4176 WILLELMI

990 4237 1080 4278 Ao
1112 4237 1408 4279 'rnoMAM
1443 4233 2042 4278 cAN'ruAnmNsn-M.

656 4366 880 4430 Imm
912 4366 1080 4429 circa
1105 4387 1442 4448 personam
1482 4373 1760 4429 vestram
1800 4364 2031 4427 sinceri
2070 4361 2301 4425 amoris
2340 4360 2464 4425 fer-

564 4490 780 4534 vorem
810 4466 1234 4551 concepimus,
1268 4476 1341 4531 ut
1380 4464 1598 4532 omnia
1631 4466 1889 4550 negotia
1916 4473 2126 4530 vestra
2153 4469 2463 4547 tanquam

654 4596 758 4632 cu..
782 4596 893 4632 1011.
941 4595 1056 4630 VOl'a·
1083 4595 1139 4630 11.
1496 4592 1533 4633 L
