<?xml version="1.0" encoding="UTF-8"?>
<!DOCTYPE html PUBLIC "-//W3C//DTD XHTML 1.0 Transitional//EN"
    "http://www.w3.org/TR/xhtml1/DTD/xhtml1-transitional.dtd">
<html xmlns="http://www.w3.org/1999/xhtml" xml:lang="en" lang="en">
 <head>
  <title>
</title>
<meta http-equiv="Content-Type" content="text/html;charset=utf-8" />
  <meta name='ocr-system' content='tesseract 3.04.00' />
  <meta name='ocr-capabilities' content='ocr_page ocr_carea ocr_par ocr_line ocrx_word'/>
</head>
<body>
  <div class='ocr_page' id='page_1' title='image "./gilbertiexabbat01gilegoog_0275.png"; bbox 0 0 3200 5392; ppageno 0'>
   <div class='ocr_carea' id='block_1_1' title="bbox 0 63 3200 165">
    <p class='ocr_par' dir='ltr' id='par_1_1' title="bbox 0 63 3200 165">
     <span class='ocr_line' id='line_1_1' title="bbox 0 63 3200 165; baseline 0 5227"><span class='ocrx_word' id='word_1_1' title='bbox 0 63 3200 165; x_wconf 95' lang='lat' dir='ltr'><strong> </strong></span> 
     </span>
    </p>
   </div>
   <div class='ocr_carea' id='block_1_2' title="bbox 547 862 2460 952">
    <p class='ocr_par' dir='ltr' id='par_1_2' title="bbox 547 862 2460 952">
     <span class='ocr_line' id='line_1_2' title="bbox 547 862 2460 952; baseline 0.004 -21"><span class='ocrx_word' id='word_1_2' title='bbox 547 887 683 932; x_wconf 63' lang='lat' dir='ltr'><strong>aa).</strong></span> <span class='ocrx_word' id='word_1_3' title='bbox 723 870 1121 952; x_wconf 86' lang='lat'>1161—89.]</span> <span class='ocrx_word' id='word_1_4' title='bbox 1222 889 1555 935; x_wconf 73' lang='lat' dir='ltr'><strong>EnsroLAE</strong></span> <span class='ocrx_word' id='word_1_5' title='bbox 1590 891 1914 941; x_wconf 75' lang='lat' dir='ltr'><strong>QUAEDAM.</strong></span> <span class='ocrx_word' id='word_1_6' title='bbox 2330 862 2460 939; x_wconf 76' lang='lat'><strong>259</strong></span> 
     </span>
    </p>
   </div>
   <div class='ocr_carea' id='block_1_3' title="bbox 526 1004 2458 2099">
    <p class='ocr_par' dir='ltr' id='par_1_3' title="bbox 539 1004 2458 1175">
     <span class='ocr_line' id='line_1_3' title="bbox 543 1004 2458 1091; baseline 0.006 -25"><span class='ocrx_word' id='word_1_7' title='bbox 543 1004 796 1087; x_wconf 90' lang='lat' dir='ltr'><strong>picione</strong></span> <span class='ocrx_word' id='word_1_8' title='bbox 834 1005 1013 1071; x_wconf 89' lang='lat' dir='ltr'><strong>vobis</strong></span> <span class='ocrx_word' id='word_1_9' title='bbox 1051 1005 1230 1089; x_wconf 88' lang='lat' dir='ltr'><strong>loqui</strong></span> <span class='ocrx_word' id='word_1_10' title='bbox 1272 1012 1545 1091; x_wconf 89' lang='lat' dir='ltr'><strong>possunt</strong></span> <span class='ocrx_word' id='word_1_11' title='bbox 1589 1012 1656 1072; x_wconf 93' lang='lat' dir='ltr'><strong>et</strong></span> <span class='ocrx_word' id='word_1_12' title='bbox 1701 1008 1782 1073; x_wconf 89' lang='lat' dir='ltr'><strong>de</strong></span> <span class='ocrx_word' id='word_1_13' title='bbox 1826 1008 2085 1074; x_wconf 89' lang='lat' dir='ltr'><strong>illorum</strong></span> <span class='ocrx_word' id='word_1_14' title='bbox 2114 1010 2242 1075; x_wconf 85' lang='lat' dir='ltr'><strong>fide</strong></span> <span class='ocrx_word' id='word_1_15' title='bbox 2271 1010 2458 1077; x_wconf 88' lang='lat' dir='ltr'><strong>dubi-</strong></span> 
     </span>
     <span class='ocr_line' id='line_1_4' title="bbox 539 1109 1829 1175; baseline 0.002 -4"><span class='ocrx_word' id='word_1_16' title='bbox 539 1112 681 1172; x_wconf 85' lang='lat' dir='ltr'><strong>tare</strong></span> <span class='ocrx_word' id='word_1_17' title='bbox 709 1129 845 1172; x_wconf 91' lang='lat' dir='ltr'><strong>non</strong></span> <span class='ocrx_word' id='word_1_18' title='bbox 874 1114 973 1172; x_wconf 93' lang='lat' dir='ltr'><strong>est</strong></span> <span class='ocrx_word' id='word_1_19' title='bbox 1002 1129 1282 1174; x_wconf 85' lang='lat' dir='ltr'><strong>necesse.</strong></span> <span class='ocrx_word' id='word_1_20' title='bbox 1372 1110 1555 1174; x_wconf 91' lang='lat' dir='ltr'><strong>Bene</strong></span> <span class='ocrx_word' id='word_1_21' title='bbox 1584 1109 1829 1175; x_wconf 86' lang='lat' dir='ltr'><strong>valete!</strong></span> 
     </span>
    </p>

    <p class='ocr_par' dir='ltr' id='par_1_4' title="bbox 526 1209 2455 2099">
     <span class='ocr_line' id='line_1_5' title="bbox 631 1209 2453 1296; baseline 0.005 -24"><span class='ocrx_word' id='word_1_22' title='bbox 631 1209 705 1274; x_wconf 89' lang='lat' dir='ltr'><strong>Si</strong></span> <span class='ocrx_word' id='word_1_23' title='bbox 733 1210 815 1275; x_wconf 90' lang='lat' dir='ltr'><strong>ad</strong></span> <span class='ocrx_word' id='word_1_24' title='bbox 844 1211 1234 1296; x_wconf 81' lang='lat' dir='ltr'><strong>colloquium</strong></span> <span class='ocrx_word' id='word_1_25' title='bbox 1263 1213 1335 1276; x_wconf 92' lang='lat' dir='ltr'><strong>in</strong></span> <span class='ocrx_word' id='word_1_26' title='bbox 1364 1212 1842 1277; x_wconf 89' lang='lat' dir='ltr'><strong>Normanniam</strong></span> <span class='ocrx_word' id='word_1_27' title='bbox 1879 1214 2287 1295; x_wconf 83' lang='lat' dir='ltr'><strong>transieritis,</strong></span> <span class='ocrx_word' id='word_1_28' title='bbox 2317 1239 2453 1281; x_wconf 82' lang='lat' dir='ltr'><strong>ma·</strong></span> 
     </span>
     <span class='ocr_line' id='line_1_6' title="bbox 535 1311 2455 1401; baseline 0.004 -25"><span class='ocrx_word' id='word_1_29' title='bbox 535 1311 817 1396; x_wconf 83' lang='lat' dir='ltr'>gistrum</span> <span class='ocrx_word' id='word_1_30' title='bbox 848 1315 892 1377; x_wconf 82' lang='lat' dir='ltr'>J</span> <span class='ocrx_word' id='word_1_31' title='bbox 893 1335 1171 1380; x_wconf 89' lang='lat' dir='ltr'><strong>oannem</strong></span> <span class='ocrx_word' id='word_1_32' title='bbox 1200 1315 1777 1396; x_wconf 71' lang='lat' dir='ltr'><strong>saresberiensem,</strong></span> <span class='ocrx_word' id='word_1_33' title='bbox 1809 1315 1865 1381; x_wconf 91' lang='lat' dir='ltr'><strong>si</strong></span> <span class='ocrx_word' id='word_1_34' title='bbox 1901 1317 2042 1380; x_wconf 85' lang='lat' dir='ltr'><strong>fieri</strong></span> <span class='ocrx_word' id='word_1_35' title='bbox 2083 1323 2316 1401; x_wconf 88' lang='lat' dir='ltr'><strong>potest,</strong></span> <span class='ocrx_word' id='word_1_36' title='bbox 2348 1341 2455 1384; x_wconf 82' lang='lat' dir='ltr'><strong>vo-</strong></span> 
     </span>
     <span class='ocr_line' id='line_1_7' title="bbox 538 1414 2453 1505; baseline 0.003 -25"><span class='ocrx_word' id='word_1_37' title='bbox 538 1414 787 1481; x_wconf 89' lang='lat' dir='ltr'><strong>biscum</strong></span> <span class='ocrx_word' id='word_1_38' title='bbox 832 1417 1119 1484; x_wconf 85' lang='lat' dir='ltr'><strong>ducatis:</strong></span> <span class='ocrx_word' id='word_1_39' title='bbox 1166 1425 1311 1483; x_wconf 90' lang='lat' dir='ltr'><strong>tum</strong></span> <span class='ocrx_word' id='word_1_40' title='bbox 1355 1420 1512 1505; x_wconf 85' lang='lat' dir='ltr'><strong>quia</strong></span> <span class='ocrx_word' id='word_1_41' title='bbox 1552 1420 1748 1483; x_wconf 91' lang='lat' dir='ltr'><strong>homo</strong></span> <span class='ocrx_word' id='word_1_42' title='bbox 1792 1419 1981 1484; x_wconf 85' lang='lat' dir='ltr'><strong>bonae</strong></span> <span class='ocrx_word' id='word_1_43' title='bbox 2021 1420 2174 1485; x_wconf 83' lang='lat' dir='ltr'><strong>fidei</strong></span> <span class='ocrx_word' id='word_1_44' title='bbox 2221 1427 2338 1500; x_wconf 91' lang='lat' dir='ltr'><strong>est,</strong></span> <span class='ocrx_word' id='word_1_45' title='bbox 2386 1429 2453 1486; x_wconf 93' lang='lat' dir='ltr'><strong>et</strong></span> 
     </span>
     <span class='ocr_line' id='line_1_8' title="bbox 533 1518 2452 1607; baseline 0.004 -25"><span class='ocrx_word' id='word_1_46' title='bbox 533 1518 655 1582; x_wconf 68' lang='lat' dir='ltr'><strong>alti</strong></span> <span class='ocrx_word' id='word_1_47' title='bbox 684 1520 950 1600; x_wconf 86' lang='lat' dir='ltr'><strong>consilii,</strong></span> <span class='ocrx_word' id='word_1_48' title='bbox 982 1528 1128 1586; x_wconf 90' lang='lat' dir='ltr'><strong>tum</strong></span> <span class='ocrx_word' id='word_1_49' title='bbox 1158 1524 1310 1606; x_wconf 90' lang='lat' dir='ltr'><strong>quia</strong></span> <span class='ocrx_word' id='word_1_50' title='bbox 1339 1523 1511 1607; x_wconf 84' lang='lat' dir='ltr'><strong>apud</strong></span> <span class='ocrx_word' id='word_1_51' title='bbox 1552 1523 1883 1606; x_wconf 86' lang='lat' dir='ltr'><strong>religiosos</strong></span> <span class='ocrx_word' id='word_1_52' title='bbox 1926 1528 1996 1587; x_wconf 87' lang='lat' dir='ltr'><strong>et</strong></span> <span class='ocrx_word' id='word_1_53' title='bbox 2038 1523 2204 1589; x_wconf 90' lang='lat' dir='ltr'><strong>viros</strong></span> <span class='ocrx_word' id='word_1_54' title='bbox 2246 1524 2452 1589; x_wconf 89' lang='lat' dir='ltr'><strong>bonos</strong></span> 
     </span>
     <span class='ocr_line' id='line_1_9' title="bbox 534 1623 2449 1708; baseline 0.003 -23"><span class='ocrx_word' id='word_1_55' title='bbox 534 1623 759 1706; x_wconf 87' lang='lat' dir='ltr'><strong>mag-ni</strong></span> <span class='ocrx_word' id='word_1_56' title='bbox 800 1625 1085 1689; x_wconf 89' lang='lat' dir='ltr'><strong>nominis</strong></span> <span class='ocrx_word' id='word_1_57' title='bbox 1128 1632 1265 1690; x_wconf 85' lang='lat' dir='ltr'><strong>est:</strong></span> <span class='ocrx_word' id='word_1_58' title='bbox 1314 1631 1459 1689; x_wconf 88' lang='lat' dir='ltr'><strong>tum</strong></span> <span class='ocrx_word' id='word_1_59' title='bbox 1501 1625 1654 1708; x_wconf 90' lang='lat' dir='ltr'><strong>quia</strong></span> <span class='ocrx_word' id='word_1_60' title='bbox 1697 1632 1763 1688; x_wconf 90' lang='lat' dir='ltr'><strong>et</strong></span> <span class='ocrx_word' id='word_1_61' title='bbox 1806 1625 2182 1708; x_wconf 82' lang='lat' dir='ltr'><strong>imperatrix</strong></span> <span class='ocrx_word' id='word_1_62' title='bbox 2227 1632 2292 1689; x_wconf 88' lang='lat' dir='ltr'><strong>et</strong></span> <span class='ocrx_word' id='word_1_63' title='bbox 2338 1627 2449 1690; x_wconf 90' lang='lat' dir='ltr'><strong>do-</strong></span> 
     </span>
     <span class='ocr_line' id='line_1_10' title="bbox 533 1726 2450 1811; baseline 0.003 -22"><span class='ocrx_word' id='word_1_64' title='bbox 533 1726 751 1791; x_wconf 85' lang='lat' dir='ltr'><strong>minus</strong></span> <span class='ocrx_word' id='word_1_65' title='bbox 799 1728 1340 1811; x_wconf 85' lang='lat' dir='ltr'><strong>Rothomagensis</strong></span> <span class='ocrx_word' id='word_1_66' title='bbox 1391 1728 1559 1792; x_wconf 85' lang='lat' dir='ltr'><strong>bene</strong></span> <span class='ocrx_word' id='word_1_67' title='bbox 1609 1728 1706 1791; x_wconf 89' lang='lat' dir='ltr'><strong>illi</strong></span> <span class='ocrx_word' id='word_1_68' title='bbox 1764 1727 2036 1810; x_wconf 88' lang='lat' dir='ltr'><strong>cupiunt</strong></span> <span class='ocrx_word' id='word_1_69' title='bbox 2086 1735 2153 1792; x_wconf 90' lang='lat' dir='ltr'><strong>et</strong></span> <span class='ocrx_word' id='word_1_70' title='bbox 2204 1729 2285 1795; x_wconf 88' lang='lat' dir='ltr'><strong>de</strong></span> <span class='ocrx_word' id='word_1_71' title='bbox 2334 1729 2450 1795; x_wconf 84' lang='lat' dir='ltr'><strong>illo</strong></span> 
     </span>
     <span class='ocr_line' id='line_1_11' title="bbox 532 1825 2449 1918; baseline 0.004 -28"><span class='ocrx_word' id='word_1_72' title='bbox 532 1825 700 1891; x_wconf 89' lang='lat' dir='ltr'><strong>bene</strong></span> <span class='ocrx_word' id='word_1_73' title='bbox 730 1830 1041 1893; x_wconf 85' lang='lat' dir='ltr'><strong>sentiunt.</strong></span> <span class='ocrx_word' id='word_1_74' title='bbox 1132 1829 1385 1894; x_wconf 88' lang='lat' dir='ltr'><strong>Iterum</strong></span> <span class='ocrx_word' id='word_1_75' title='bbox 1415 1838 1481 1895; x_wconf 92' lang='lat' dir='ltr'><strong>et</strong></span> <span class='ocrx_word' id='word_1_76' title='bbox 1513 1851 1768 1914; x_wconf 81' lang='lat' dir='ltr'><strong>semper</strong></span> <span class='ocrx_word' id='word_1_77' title='bbox 1795 1831 2040 1895; x_wconf 86' lang='lat' dir='ltr'><strong>valete!</strong></span> <span class='ocrx_word' id='word_1_78' title='bbox 2131 1833 2449 1918; x_wconf 82' lang='lat' dir='ltr'><strong>Coexules</strong></span> 
     </span>
     <span class='ocr_line' id='line_1_12' title="bbox 533 1931 2446 2011; baseline 0.003 -17"><span class='ocrx_word' id='word_1_79' title='bbox 533 1937 776 1995; x_wconf 86' lang='lat' dir='ltr'><strong>vestros</strong></span> <span class='ocrx_word' id='word_1_80' title='bbox 825 1931 1092 1996; x_wconf 87' lang='lat' dir='ltr'><strong>nomine</strong></span> <span class='ocrx_word' id='word_1_81' title='bbox 1140 1940 1366 1998; x_wconf 85' lang='lat' dir='ltr'><strong>nostro</strong></span> <span class='ocrx_word' id='word_1_82' title='bbox 1420 1933 1742 2011; x_wconf 82' lang='lat' dir='ltr'><strong>salutate3</strong></span> <span class='ocrx_word' id='word_1_83' title='bbox 1806 1954 2057 1998; x_wconf 89' lang='lat' dir='ltr'><strong>memor</strong></span> <span class='ocrx_word' id='word_1_84' title='bbox 2112 1936 2319 2000; x_wconf 82' lang='lat' dir='ltr'><strong>nostri</strong></span> <span class='ocrx_word' id='word_1_85' title='bbox 2373 1936 2446 2000; x_wconf 89' lang='lat' dir='ltr'><strong>in</strong></span> 
     </span>
     <span class='ocr_line' id='line_1_13' title="bbox 526 2032 1210 2099; baseline 0.003 -2"><span class='ocrx_word' id='word_1_86' title='bbox 526 2032 935 2098; x_wconf 88' lang='lat' dir='ltr'><strong>orationibus</strong></span> <span class='ocrx_word' id='word_1_87' title='bbox 964 2034 1210 2099; x_wconf 84' lang='lat' dir='ltr'><strong>vestris.</strong></span> 
     </span>
    </p>
   </div>
   <div class='ocr_carea' id='block_1_4' title="bbox 526 2339 2434 2510">
    <p class='ocr_par' dir='ltr' id='par_1_5' title="bbox 526 2339 2434 2510">
     <span class='ocr_line' id='line_1_14' title="bbox 526 2339 2434 2410; baseline 0.003 -6"><span class='ocrx_word' id='word_1_88' title='bbox 526 2339 971 2406; x_wconf 78' lang='lat' dir='ltr'><strong>EPISTOLA</strong></span> <span class='ocrx_word' id='word_1_89' title='bbox 1017 2340 1965 2409; x_wconf 78' lang='lat' dir='ltr'><strong>CCCCLXVIII.—EJUSDEM</strong></span> <span class='ocrx_word' id='word_1_90' title='bbox 2013 2364 2102 2408; x_wconf 76' lang='lat' dir='ltr'><strong>An</strong></span> <span class='ocrx_word' id='word_1_91' title='bbox 2150 2364 2434 2410; x_wconf 68' lang='lat' dir='ltr'><strong>emuna-</strong></span> 
     </span>
     <span class='ocr_line' id='line_1_15' title="bbox 1104 2465 1847 2510; baseline 0 -1"><span class='ocrx_word' id='word_1_92' title='bbox 1104 2465 1250 2510; x_wconf 77' lang='lat' dir='ltr'><strong>&#39;rUM</strong></span> <span class='ocrx_word' id='word_1_93' title='bbox 1284 2465 1847 2510; x_wconf 74' lang='lat' dir='ltr'><strong>LoNnoNIENsEM.</strong></span> 
     </span>
    </p>
   </div>
   <div class='ocr_carea' id='block_1_5' title="bbox 534 2595 2442 2969">
    <p class='ocr_par' dir='ltr' id='par_1_6' title="bbox 534 2595 2442 2969">
     <span class='ocr_line' id='line_1_16' title="bbox 534 2595 2442 2678; baseline 0.002 -19"><span class='ocrx_word' id='word_1_94' title='bbox 534 2595 887 2660; x_wconf 80' lang='lat' dir='ltr'><strong>Venerabili</strong></span> <span class='ocrx_word' id='word_1_95' title='bbox 917 2596 1159 2659; x_wconf 77' lang='lat' dir='ltr'><strong>domino</strong></span> <span class='ocrx_word' id='word_1_96' title='bbox 1188 2602 1251 2660; x_wconf 84' lang='lat' dir='ltr'><strong>et</strong></span> <span class='ocrx_word' id='word_1_97' title='bbox 1278 2597 1482 2660; x_wconf 84' lang='lat' dir='ltr'><strong>amico</strong></span> <span class='ocrx_word' id='word_1_98' title='bbox 1514 2597 1590 2661; x_wconf 80' lang='lat' dir='ltr'><strong>G.</strong></span> <span class='ocrx_word' id='word_1_99' title='bbox 1624 2598 1747 2660; x_wconf 81' lang='lat' dir='ltr'><strong>Dei</strong></span> <span class='ocrx_word' id='word_1_100' title='bbox 1778 2598 1996 2678; x_wconf 63' lang='lat' dir='ltr'><strong>,qratia</strong></span> <span class='ocrx_word' id='word_1_101' title='bbox 2023 2597 2442 2662; x_wconf 77' lang='lat' dir='ltr'><strong>Londoniensi</strong></span> 
     </span>
     <span class='ocr_line' id='line_1_17' title="bbox 609 2699 2433 2782; baseline 0.002 -19"><span class='ocrx_word' id='word_1_102' title='bbox 609 2700 911 2782; x_wconf 54' lang='lat' dir='ltr'><strong>episcopm</strong></span> <span class='ocrx_word' id='word_1_103' title='bbox 948 2701 1013 2763; x_wconf 85' lang='lat' dir='ltr'><strong>J.</strong></span> <span class='ocrx_word' id='word_1_104' title='bbox 1054 2699 1267 2763; x_wconf 84' lang='lat' dir='ltr'><strong>eadem</strong></span> <span class='ocrx_word' id='word_1_105' title='bbox 1303 2702 1524 2782; x_wconf 67' lang='lat' dir='ltr'><strong>qratia</strong></span> <span class='ocrx_word' id='word_1_106' title='bbox 1553 2700 1972 2764; x_wconf 70' lang='lat' dir='ltr'><strong>Pie-laviensis</strong></span> <span class='ocrx_word' id='word_1_107' title='bbox 2014 2702 2280 2764; x_wconf 72' lang='lat' dir='ltr'><strong>eccle-sice</strong></span> <span class='ocrx_word' id='word_1_108' title='bbox 2322 2705 2433 2767; x_wconf 74' lang='lat' dir='ltr'><strong>hu-</strong></span> 
     </span>
     <span class='ocr_line' id='line_1_18' title="bbox 607 2802 2433 2886; baseline 0.002 -21"><span class='ocrx_word' id='word_1_109' title='bbox 607 2802 775 2866; x_wconf 77' lang='lat' dir='ltr'><strong>milis</strong></span> <span class='ocrx_word' id='word_1_110' title='bbox 815 2803 1123 2881; x_wconf 70' lang='lat' dir='ltr'><strong>sacerdo-9,</strong></span> <span class='ocrx_word' id='word_1_111' title='bbox 1168 2804 1429 2867; x_wconf 74' lang='lat' dir='ltr'><strong>salutem</strong></span> <span class='ocrx_word' id='word_1_112' title='bbox 1467 2809 1533 2868; x_wconf 81' lang='lat' dir='ltr'><strong>et</strong></span> <span class='ocrx_word' id='word_1_113' title='bbox 1570 2804 1806 2886; x_wconf 79' lang='lat' dir='ltr'><strong>patriae</strong></span> <span class='ocrx_word' id='word_1_114' title='bbox 1851 2805 2111 2868; x_wconf 75' lang='lat' dir='ltr'><strong>coelestis</strong></span> <span class='ocrx_word' id='word_1_115' title='bbox 2133 2805 2433 2886; x_wconf 77' lang='lat' dir='ltr'><strong>jucundi-</strong></span> 
     </span>
     <span class='ocr_line' id='line_1_19' title="bbox 608 2911 816 2969; baseline 0.005 -1"><span class='ocrx_word' id='word_1_116' title='bbox 608 2911 816 2969; x_wconf 81' lang='lat' dir='ltr'><strong>tatem.</strong></span> 
     </span>
    </p>
   </div>
   <div class='ocr_carea' id='block_1_6' title="bbox 428 3057 2430 4478">
    <p class='ocr_par' dir='ltr' id='par_1_7' title="bbox 428 3057 2430 4478">
     <span class='ocr_line' id='line_1_20' title="bbox 606 3057 2430 3140; baseline 0.001 -20"><span class='ocrx_word' id='word_1_117' title='bbox 606 3057 693 3120; x_wconf 81' lang='lat' dir='ltr'><strong>IN</strong></span> <span class='ocrx_word' id='word_1_118' title='bbox 724 3057 1097 3121; x_wconf 77' lang='lat' dir='ltr'><strong>ulteriorem</strong></span> <span class='ocrx_word' id='word_1_119' title='bbox 1124 3062 1351 3122; x_wconf 84' lang='lat' dir='ltr'><strong>vestrae</strong></span> <span class='ocrx_word' id='word_1_120' title='bbox 1380 3057 1766 3122; x_wconf 82' lang='lat' dir='ltr'><strong>sinceritatis</strong></span> <span class='ocrx_word' id='word_1_121' title='bbox 1797 3058 2073 3140; x_wconf 84' lang='lat' dir='ltr'><strong>gratiam</strong></span> <span class='ocrx_word' id='word_1_122' title='bbox 2102 3079 2207 3122; x_wconf 92' lang='lat' dir='ltr'><strong>me</strong></span> <span class='ocrx_word' id='word_1_123' title='bbox 2235 3057 2430 3123; x_wconf 83' lang='lat' dir='ltr'><strong>fuisse</strong></span> 
     </span>
     <span class='ocr_line' id='line_1_21' title="bbox 518 3158 2426 3243; baseline 0.002 -22"><span class='ocrx_word' id='word_1_124' title='bbox 518 3158 893 3236; x_wconf 86' lang='lat' dir='ltr'><strong>admissum,</strong></span> <span class='ocrx_word' id='word_1_125' title='bbox 925 3165 992 3222; x_wconf 91' lang='lat' dir='ltr'><strong>et</strong></span> <span class='ocrx_word' id='word_1_126' title='bbox 1022 3160 1271 3241; x_wconf 87' lang='lat' dir='ltr'><strong>gaudeo</strong></span> <span class='ocrx_word' id='word_1_127' title='bbox 1313 3159 1687 3243; x_wconf 88' lang='lat' dir='ltr'><strong>plurimum,</strong></span> <span class='ocrx_word' id='word_1_128' title='bbox 1719 3165 1787 3223; x_wconf 89' lang='lat' dir='ltr'><strong>et</strong></span> <span class='ocrx_word' id='word_1_129' title='bbox 1832 3166 2047 3242; x_wconf 86' lang='lat' dir='ltr'><strong>grates</strong></span> <span class='ocrx_word' id='word_1_130' title='bbox 2091 3158 2268 3225; x_wconf 88' lang='lat' dir='ltr'><strong>vobis</strong></span> <span class='ocrx_word' id='word_1_131' title='bbox 2311 3160 2426 3224; x_wconf 91' lang='lat' dir='ltr'><strong>ha-</strong></span> 
     </span>
     <span class='ocr_line' id='line_1_22' title="bbox 515 3260 2426 3345; baseline 0.001 -19"><span class='ocrx_word' id='word_1_132' title='bbox 515 3260 661 3326; x_wconf 89' lang='lat' dir='ltr'><strong>beo.</strong></span> <span class='ocrx_word' id='word_1_133' title='bbox 752 3260 836 3324; x_wconf 87' lang='lat' dir='ltr'><strong>Id</strong></span> <span class='ocrx_word' id='word_1_134' title='bbox 878 3261 1163 3344; x_wconf 85' lang='lat' dir='ltr'><strong>profecto</strong></span> <span class='ocrx_word' id='word_1_135' title='bbox 1191 3261 1327 3344; x_wconf 88' lang='lat' dir='ltr'><strong>ipse</strong></span> <span class='ocrx_word' id='word_1_136' title='bbox 1355 3281 1575 3324; x_wconf 87' lang='lat' dir='ltr'><strong>rerum</strong></span> <span class='ocrx_word' id='word_1_137' title='bbox 1606 3262 1872 3325; x_wconf 87' lang='lat' dir='ltr'><strong>effectus</strong></span> <span class='ocrx_word' id='word_1_138' title='bbox 1900 3269 2285 3345; x_wconf 88' lang='lat' dir='ltr'><strong>praesentem</strong></span> <span class='ocrx_word' id='word_1_139' title='bbox 2315 3262 2426 3327; x_wconf 86' lang='lat' dir='ltr'><strong>do-</strong></span> 
     </span>
     <span class='ocr_line' id='line_1_23' title="bbox 513 3362 2426 3448; baseline 0 -20"><span class='ocrx_word' id='word_1_140' title='bbox 513 3364 672 3443; x_wconf 84' lang='lat' dir='ltr'><strong>cuit,</strong></span> <span class='ocrx_word' id='word_1_141' title='bbox 704 3369 772 3428; x_wconf 89' lang='lat' dir='ltr'><strong>et</strong></span> <span class='ocrx_word' id='word_1_142' title='bbox 810 3362 1146 3428; x_wconf 85' lang='lat' dir='ltr'><strong>absentem</strong></span> <span class='ocrx_word' id='word_1_143' title='bbox 1177 3363 1474 3429; x_wconf 83' lang='lat' dir='ltr'><strong>dubitare</strong></span> <span class='ocrx_word' id='word_1_144' title='bbox 1513 3384 1653 3428; x_wconf 89' lang='lat' dir='ltr'><strong>non</strong></span> <span class='ocrx_word' id='word_1_145' title='bbox 1689 3363 2030 3448; x_wconf 85' lang='lat' dir='ltr'><strong>permittit.</strong></span> <span class='ocrx_word' id='word_1_146' title='bbox 2123 3363 2426 3429; x_wconf 78' lang='lat' dir='ltr'><strong>Quantus</strong></span> 
     </span>
     <span class='ocr_line' id='line_1_24' title="bbox 512 3466 2426 3545; baseline 0.001 -13"><span class='ocrx_word' id='word_1_147' title='bbox 512 3467 688 3532; x_wconf 91' lang='lat' dir='ltr'><strong>enim</strong></span> <span class='ocrx_word' id='word_1_148' title='bbox 744 3467 954 3535; x_wconf 88' lang='lat' dir='ltr'><strong>honor</strong></span> <span class='ocrx_word' id='word_1_149' title='bbox 1003 3487 1042 3531; x_wconf 87' lang='lat' dir='ltr'><strong>a</strong></span> <span class='ocrx_word' id='word_1_150' title='bbox 1092 3467 1271 3531; x_wconf 86' lang='lat' dir='ltr'><strong>vobis</strong></span> <span class='ocrx_word' id='word_1_151' title='bbox 1320 3466 1483 3531; x_wconf 89' lang='lat' dir='ltr'><strong>mihi</strong></span> <span class='ocrx_word' id='word_1_152' title='bbox 1534 3467 1620 3531; x_wconf 88' lang='lat' dir='ltr'><strong>sit</strong></span> <span class='ocrx_word' id='word_1_153' title='bbox 1676 3466 1958 3545; x_wconf 85' lang='lat' dir='ltr'><strong>habitus,</strong></span> <span class='ocrx_word' id='word_1_154' title='bbox 2007 3467 2163 3530; x_wconf 84' lang='lat' dir='ltr'><strong>dum</strong></span> <span class='ocrx_word' id='word_1_155' title='bbox 2215 3467 2426 3533; x_wconf 82' lang='lat' dir='ltr'><strong>adhuc</strong></span> 
     </span>
     <span class='ocr_line' id='line_1_25' title="bbox 512 3568 2425 3659; baseline -0.002 -23"><span class='ocrx_word' id='word_1_156' title='bbox 512 3592 716 3636; x_wconf 88' lang='lat' dir='ltr'><strong>essem</strong></span> <span class='ocrx_word' id='word_1_157' title='bbox 761 3571 835 3635; x_wconf 90' lang='lat' dir='ltr'><strong>in</strong></span> <span class='ocrx_word' id='word_1_158' title='bbox 879 3571 1013 3634; x_wconf 90' lang='lat' dir='ltr'><strong>solo</strong></span> <span class='ocrx_word' id='word_1_159' title='bbox 1056 3569 1260 3635; x_wconf 83' lang='lat' dir='ltr'><strong>natali</strong></span> <span class='ocrx_word' id='word_1_160' title='bbox 1304 3568 1717 3659; x_wconf 82' lang='lat' dir='ltr'><strong>constitutus,</strong></span> <span class='ocrx_word' id='word_1_161' title='bbox 1748 3588 1870 3632; x_wconf 90' lang='lat' dir='ltr'><strong>nec</strong></span> <span class='ocrx_word' id='word_1_162' title='bbox 1899 3568 2056 3632; x_wconf 86' lang='lat' dir='ltr'><strong>alios</strong></span> <span class='ocrx_word' id='word_1_163' title='bbox 2092 3568 2273 3645; x_wconf 87' lang='lat' dir='ltr'><strong>latet,</strong></span> <span class='ocrx_word' id='word_1_164' title='bbox 2305 3588 2425 3632; x_wconf 86' lang='lat' dir='ltr'><strong>nee</strong></span> 
     </span>
     <span class='ocr_line' id='line_1_26' title="bbox 509 3670 2421 3759; baseline -0.003 -20"><span class='ocrx_word' id='word_1_165' title='bbox 509 3695 632 3757; x_wconf 87' lang='lat' dir='ltr'><strong>ego</strong></span> <span class='ocrx_word' id='word_1_166' title='bbox 660 3695 921 3759; x_wconf 87' lang='lat' dir='ltr'><strong>possum</strong></span> <span class='ocrx_word' id='word_1_167' title='bbox 963 3694 1101 3738; x_wconf 91' lang='lat' dir='ltr'><strong>esse</strong></span> <span class='ocrx_word' id='word_1_168' title='bbox 1139 3672 1501 3736; x_wconf 85' lang='lat' dir='ltr'><strong>immemor.</strong></span> <span class='ocrx_word' id='word_1_169' title='bbox 1592 3672 1948 3754; x_wconf 89' lang='lat' dir='ltr'><strong>Postquam</strong></span> <span class='ocrx_word' id='word_1_170' title='bbox 1976 3691 2126 3735; x_wconf 86' lang='lat' dir='ltr'><strong>vero</strong></span> <span class='ocrx_word' id='word_1_171' title='bbox 2156 3670 2421 3755; x_wconf 86' lang='lat' dir='ltr'><strong>disposi-</strong></span> 
     </span>
     <span class='ocr_line' id='line_1_27' title="bbox 507 3774 2422 3859; baseline -0.002 -17"><span class='ocrx_word' id='word_1_172' title='bbox 507 3777 689 3842; x_wconf 90' lang='lat' dir='ltr'><strong>tione</strong></span> <span class='ocrx_word' id='word_1_173' title='bbox 718 3777 935 3841; x_wconf 84' lang='lat' dir='ltr'><strong>divina</strong></span> <span class='ocrx_word' id='word_1_174' title='bbox 962 3776 1238 3841; x_wconf 87' lang='lat' dir='ltr'><strong>civitatis</strong></span> <span class='ocrx_word' id='word_1_175' title='bbox 1280 3775 1524 3859; x_wconf 71' lang='lat' dir='ltr'><strong>ignotae</strong></span> <span class='ocrx_word' id='word_1_176' title='bbox 1567 3795 1715 3838; x_wconf 91' lang='lat' dir='ltr'><strong>sum</strong></span> <span class='ocrx_word' id='word_1_177' title='bbox 1753 3774 1963 3838; x_wconf 84' lang='lat' dir='ltr'><strong>factus</strong></span> <span class='ocrx_word' id='word_1_178' title='bbox 1992 3774 2222 3858; x_wconf 89' lang='lat' dir='ltr'><strong>incola,</strong></span> <span class='ocrx_word' id='word_1_179' title='bbox 2252 3775 2422 3839; x_wconf 84' lang='lat' dir='ltr'><strong>lator</strong></span> 
     </span>
     <span class='ocr_line' id='line_1_28' title="bbox 507 3869 2420 3964; baseline -0.002 -20"><span class='ocrx_word' id='word_1_180' title='bbox 507 3900 765 3963; x_wconf 87' lang='lat' dir='ltr'><strong>quoque</strong></span> <span class='ocrx_word' id='word_1_181' title='bbox 809 3879 1226 3964; x_wconf 69' lang='lat' dir='ltr'><strong>praesentium</strong></span> <span class='ocrx_word' id='word_1_182' title='bbox 1272 3898 1477 3962; x_wconf 91' lang='lat' dir='ltr'><strong>nepos</strong></span> <span class='ocrx_word' id='word_1_183' title='bbox 1522 3882 1746 3942; x_wconf 92' lang='lat' dir='ltr'><strong>noster</strong></span> <span class='ocrx_word' id='word_1_184' title='bbox 1787 3883 2014 3942; x_wconf 85' lang='lat' dir='ltr'><strong>vestrae</strong></span> <span class='ocrx_word' id='word_1_185' title='bbox 2058 3869 2420 3942; x_wconf 86' lang='lat' dir='ltr'><strong>dilectionis</strong></span> 
     </span>
     <span class='ocr_line' id='line_1_29' title="bbox 506 3979 2419 4065; baseline 0.001 -20"><span class='ocrx_word' id='word_1_186' title='bbox 506 3981 864 4045; x_wconf 87' lang='lat' dir='ltr'><strong>certissima</strong></span> <span class='ocrx_word' id='word_1_187' title='bbox 901 3981 1097 4064; x_wconf 90' lang='lat' dir='ltr'><strong>coepit</strong></span> <span class='ocrx_word' id='word_1_188' title='bbox 1136 3986 1539 4065; x_wconf 84' lang='lat' dir='ltr'><strong>argumenta.</strong></span> <span class='ocrx_word' id='word_1_189' title='bbox 1631 3979 1761 4045; x_wconf 89' lang='lat' dir='ltr'><strong>Pro</strong></span> <span class='ocrx_word' id='word_1_190' title='bbox 1802 4001 1929 4065; x_wconf 91' lang='lat' dir='ltr'><strong>quo</strong></span> <span class='ocrx_word' id='word_1_191' title='bbox 1967 3980 2144 4045; x_wconf 86' lang='lat' dir='ltr'><strong>vobis</strong></span> <span class='ocrx_word' id='word_1_192' title='bbox 2184 3981 2419 4047; x_wconf 86' lang='lat' dir='ltr'><strong>oblatae</strong></span> 
     </span>
     <span class='ocr_line' id='line_1_30' title="bbox 506 4083 2416 4168; baseline 0 -20"><span class='ocrx_word' id='word_1_193' title='bbox 506 4083 851 4167; x_wconf 89' lang='lat' dir='ltr'><strong>petitiones</strong></span> <span class='ocrx_word' id='word_1_194' title='bbox 878 4089 1018 4147; x_wconf 82' lang='lat' dir='ltr'><strong>tam</strong></span> <span class='ocrx_word' id='word_1_195' title='bbox 1044 4083 1219 4148; x_wconf 83' lang='lat' dir='ltr'><strong>facili</strong></span> <span class='ocrx_word' id='word_1_196' title='bbox 1245 4083 1654 4168; x_wconf 88' lang='lat' dir='ltr'><strong>benignitate</strong></span> <span class='ocrx_word' id='word_1_197' title='bbox 1693 4090 1847 4148; x_wconf 89' lang='lat' dir='ltr'><strong>sunt</strong></span> <span class='ocrx_word' id='word_1_198' title='bbox 1891 4091 2192 4167; x_wconf 85' lang='lat' dir='ltr'><strong>exceptae,</strong></span> <span class='ocrx_word' id='word_1_199' title='bbox 2225 4091 2301 4148; x_wconf 91' lang='lat' dir='ltr'><strong>ut</strong></span> <span class='ocrx_word' id='word_1_200' title='bbox 2344 4083 2416 4148; x_wconf 91' lang='lat' dir='ltr'><strong>in</strong></span> 
     </span>
     <span class='ocr_line' id='line_1_31' title="bbox 428 4186 2414 4271; baseline -0.001 -19"><span class='ocrx_word' id='word_1_201' title='bbox 428 4209 441 4224; x_wconf 92' lang='lat'><strong>·</strong></span> <span class='ocrx_word' id='word_1_202' title='bbox 505 4192 691 4271; x_wconf 84' lang='lat' dir='ltr'><strong>parte</strong></span> <span class='ocrx_word' id='word_1_203' title='bbox 734 4187 915 4252; x_wconf 88' lang='lat' dir='ltr'><strong>nulla</strong></span> <span class='ocrx_word' id='word_1_204' title='bbox 955 4187 1127 4252; x_wconf 90' lang='lat' dir='ltr'><strong>fiunt</strong></span> <span class='ocrx_word' id='word_1_205' title='bbox 1167 4186 1265 4250; x_wconf 89' lang='lat' dir='ltr'><strong>illi</strong></span> <span class='ocrx_word' id='word_1_206' title='bbox 1305 4187 1562 4271; x_wconf 79' lang='lat' dir='ltr'><strong>repulsa</strong></span> <span class='ocrx_word' id='word_1_207' title='bbox 1606 4187 1862 4267; x_wconf 84' lang='lat' dir='ltr'><strong>damno,</strong></span> <span class='ocrx_word' id='word_1_208' title='bbox 1892 4188 1993 4252; x_wconf 82' lang='lat' dir='ltr'><strong>vel</strong></span> <span class='ocrx_word' id='word_1_209' title='bbox 2036 4187 2197 4252; x_wconf 89' lang='lat' dir='ltr'><strong>mihi</strong></span> <span class='ocrx_word' id='word_1_210' title='bbox 2239 4207 2414 4251; x_wconf 86' lang='lat' dir='ltr'><strong>vere-</strong></span> 
     </span>
     <span class='ocr_line' id='line_1_32' title="bbox 507 4288 2415 4373; baseline -0.002 -18"><span class='ocrx_word' id='word_1_211' title='bbox 507 4288 779 4355; x_wconf 86' lang='lat' dir='ltr'><strong>cundiae.</strong></span> <span class='ocrx_word' id='word_1_212' title='bbox 870 4289 1087 4373; x_wconf 88' lang='lat' dir='ltr'><strong>Igitur</strong></span> <span class='ocrx_word' id='word_1_213' title='bbox 1135 4295 1213 4355; x_wconf 92' lang='lat' dir='ltr'><strong>ut</strong></span> <span class='ocrx_word' id='word_1_214' title='bbox 1258 4298 1408 4354; x_wconf 82' lang='lat' dir='ltr'><strong>vota</strong></span> <span class='ocrx_word' id='word_1_215' title='bbox 1454 4296 1681 4355; x_wconf 86' lang='lat' dir='ltr'><strong>nostra</strong></span> <span class='ocrx_word' id='word_1_216' title='bbox 1726 4291 1953 4355; x_wconf 88' lang='lat' dir='ltr'><strong>vestris</strong></span> <span class='ocrx_word' id='word_1_217' title='bbox 2000 4290 2415 4355; x_wconf 85' lang='lat' dir='ltr'><strong>cumulentur</strong></span> 
     </span>
     <span class='ocr_line' id='line_1_33' title="bbox 505 4391 2414 4478; baseline -0.001 -21"><span class='ocrx_word' id='word_1_218' title='bbox 505 4391 832 4458; x_wconf 90' lang='lat' dir='ltr'><strong>beneficiis</strong></span> <span class='ocrx_word' id='word_1_219' title='bbox 874 4392 1174 4476; x_wconf 77' lang='lat' dir='ltr'><strong>petimuS,</strong></span> <span class='ocrx_word' id='word_1_220' title='bbox 1208 4392 1512 4477; x_wconf 89' lang='lat' dir='ltr'><strong>quatinus</strong></span> <span class='ocrx_word' id='word_1_221' title='bbox 1554 4393 1708 4458; x_wconf 79' lang='lat' dir='ltr'><strong>data</strong></span> <span class='ocrx_word' id='word_1_222' title='bbox 1748 4392 2247 4478; x_wconf 88' lang='lat' dir='ltr'><strong>opportunitate,</strong></span> <span class='ocrx_word' id='word_1_223' title='bbox 2278 4413 2414 4455; x_wconf 90' lang='lat' dir='ltr'><strong>non</strong></span> 
     </span>
    </p>
   </div>
   <div class='ocr_carea' id='block_1_7' title="bbox 506 4492 2410 4663">
    <p class='ocr_par' dir='ltr' id='par_1_8' title="bbox 506 4492 2410 4663">
     <span class='ocr_line' id='line_1_34' title="bbox 506 4492 2410 4579; baseline -0.001 -20"><span class='ocrx_word' id='word_1_224' title='bbox 506 4496 713 4560; x_wconf 90' lang='lat' dir='ltr'><strong>solum</strong></span> <span class='ocrx_word' id='word_1_225' title='bbox 763 4514 878 4579; x_wconf 87' lang='lat' dir='ltr'><strong>per</strong></span> <span class='ocrx_word' id='word_1_226' title='bbox 929 4492 1321 4560; x_wconf 85' lang='lat' dir='ltr'><strong>oblationem</strong></span> <span class='ocrx_word' id='word_1_227' title='bbox 1371 4515 1638 4578; x_wconf 90' lang='lat' dir='ltr'><strong>precum</strong></span> <span class='ocrx_word' id='word_1_228' title='bbox 1691 4495 1982 4561; x_wconf 90' lang='lat' dir='ltr'><strong>obtineat</strong></span> <span class='ocrx_word' id='word_1_229' title='bbox 2031 4501 2108 4559; x_wconf 90' lang='lat' dir='ltr'><strong>ut</strong></span> <span class='ocrx_word' id='word_1_230' title='bbox 2158 4494 2410 4579; x_wconf 85' lang='lat' dir='ltr'><strong>paginae</strong></span> 
     </span>
     <span class='ocr_line' id='line_1_35' title="bbox 1401 4600 1505 4663; baseline 0.019 -2"><span class='ocrx_word' id='word_1_231' title='bbox 1401 4619 1432 4661; x_wconf 91' lang='lat' dir='ltr'><strong>s</strong></span> <span class='ocrx_word' id='word_1_232' title='bbox 1462 4600 1505 4663; x_wconf 84' lang='lat'>2</span> 
     </span>
    </p>
   </div>
  </div>
 </body>
</html>
