3200 5392
723 793 847 857 198
1433 808 1907 853 nrlscoromm

714 925 898 990 cibus
962 922 1372 1002 institissent,
1434 921 1739 1006 quoniam
1797 921 1870 987 in
1928 921 2372 988 observatione
2430 924 2625 1007 regioe

714 1028 1050 1112 dignitatis
1107 1027 1483 1091 nullatenus
1539 1025 1882 1090 videbatur
1938 1025 2126 1091 nobis
2185 1027 2451 1092 libertas
2511 1035 2624 1094 aut

713 1131 997 1215 dignitas
1049 1129 1476 1195 ecclesiastica
1530 1128 1935 1212 praegravari.
2029 1129 2363 1212 Siquidem
2415 1130 2622 1213 digni-

712 1240 815 1298 tas
856 1233 1280 1298 ecclesiastica
1315 1233 1561 1315 regiam
1597 1233 1890 1316 provehit
1926 1233 2140 1316 potius
2171 1255 2366 1316 quam
2397 1233 2625 1297 adimit

713 1336 1119 1420 dignitatem,
1151 1342 1218 1399 et
1256 1335 1490 1416 regalis
1521 1335 1805 1417 dignitas
1846 1335 2340 1399 ecclesiasticam
2371 1356 2621 1399 conser-

711 1460 860 1502 vare
890 1439 1105 1522 potius
1135 1437 1486 1515 consuevit,
1519 1458 1713 1519 quam
1743 1438 1969 1500 tollere
1997 1437 2385 1501 libertatem.
2467 1438 2620 1501 Ete-

711 1540 851 1605 nim
882 1539 1065 1622 quasi
1095 1539 1482 1622 quibusdam
1527 1538 1652 1603 sibi
1694 1539 1968 1604 invicem
2014 1539 2448 1623 complexibus
2484 1539 2621 1623 dig-

712 1643 884 1707 nitas
943 1642 1368 1706 ecclesiastica
1425 1647 1491 1705 et
1549 1643 1782 1725 regalis
1827 1649 2192 1721 occurrunt,
2239 1663 2444 1728 quum
2501 1663 2623 1706 nec

710 1766 895 1833 reges
935 1745 1212 1810 salutem
1254 1745 1394 1809 sine
1434 1745 1716 1824 ecclesia,
1754 1767 1876 1812 nec
1916 1747 2180 1811 ecclesia
2218 1766 2439 1830 pacem
2480 1746 2619 1809 sine

708 1848 1108 1932 protectione
1136 1848 1316 1930 regia
1344 1855 1791 1930 consequatur.
1887 1848 2180 1913 Genibus
2222 1848 2441 1930 itaque
2484 1847 2617 1930 pie-

708 1951 863 2014 tatis
921 1956 1168 2028 vestrae,
1218 1955 1463 2033 quanta
1520 1949 1857 2014 devotione
1916 1970 2275 2033 possumus,
2337 1948 2621 2012 advoluti

709 2052 1081 2136 suppliciter
1120 2051 1432 2134 enixeque
1473 2050 1897 2135 deposcimus,
1939 2072 2024 2114 ne
2065 2051 2378 2133 sapientia
2412 2057 2621 2115 vestra

711 2156 898 2240 quasi
934 2156 1271 2220 literarum
1300 2154 1511 2238 apices
1552 2161 1619 2218 et
1658 2154 2108 2238 conceptiones
2138 2152 2480 2217 verborum
2509 2174 2618 2235 po-

706 2258 856 2337 tius,
907 2279 1102 2340 quam
1147 2279 1287 2321 rem
1336 2257 1539 2340 ipsam
1594 2256 1852 2320 duxerit
1900 2255 2395 2339 amplectendas,
2490 2254 2620 2318 Sed

708 2361 1066 2425 secundum
1110 2358 1336 2423 datum
1378 2358 1560 2423 vobis
1603 2380 1643 2423 a
1685 2359 1829 2423 Deo
1873 2359 2169 2442 spiritum
2217 2358 2617 2423 discretionis

705 2462 776 2527 id
814 2463 1007 2544 agite,
1046 2482 1134 2525 ne
1174 2482 1368 2525 causa
1403 2462 1600 2525 unius
1641 2461 1713 2525 in
1752 2462 2108 2527 multorum
2147 2468 2215 2525 et
2252 2461 2387 2525 fere
2424 2461 2615 2524 innu-

708 2564 1115 2628 merabilium
1153 2564 1503 2647 perniciem
1534 2571 1964 2629 convertatur.
2058 2564 2232 2630 Quia
2261 2565 2345 2628 ad
2371 2566 2617 2629 bonum

705 2667 881 2751 pacis
921 2665 1308 2749 quandoque
1350 2667 1557 2749 magis
1601 2668 1854 2751 proficit
1897 2668 2329 2731 mansuetudo
2373 2667 2613 2750 gratiae,

707 2790 900 2852 quam
947 2768 1248 2835 severitas
1293 2769 1668 2853 disciplinae.
1758 2771 2082 2835 Dominus
2111 2791 2451 2854 personam
2478 2791 2614 2834 ves·-

703 2879 872 2936 tram
913 2872 1193 2938 ecclesiae
1233 2895 1366 2939 suae
1403 2894 1519 2958 per
1557 2880 1852 2958 tempora
1894 2875 2104 2939 multa
2142 2879 2470 2941 conservet
2514 2872 2613 2936 in-

703 2975 1043 3039 columem.

718 3399 1161 3466 EPISTOLA
1206 3400 2113 3466 CCCCXL.—cnmuconmu
2147 3423 2578 3473 QUORUNDAM

1257 3518 1349 3560 An
1384 3519 1618 3563 naemu
1653 3520 2048 3564 flmmeum.

704 3649 1038 3711 Carissimo
1070 3647 1310 3710 domiuo
1350 3669 1459 3711 suo
1487 3649 1765 3712 Heurico
1804 3651 2040 3714 illustri
2068 3652 2414 3734 Anylorum
2451 3651 2607 3732 γεμί,

782 3750 925 3813 duci
965 3752 1369 3815 Normauuiae
1416 3759 1477 3815 et
1522 3752 1902 3837 Aquitauiae,
1949 3762 2010 3817 et
2062 3757 2272 3819 comiti
2318 3754 2608 3835 Auckya-

780 3854 950 3916 vensi
977 3853 1039 3915 R
1071 3898 1342 3916 ......
1377 3854 1570 3917 abbas
1609 3856 1939 3936 Wallatioe,
1970 3858 2355 3941 Reyiualdus
2391 3858 2607 3921 Sares-

781 3953 1071 4019 heriensis
1103 3955 1596 4037 archidiaconus,
1620 3959 1682 4021 R
1714 4005 2043 4025 .......
2075 3961 2476 4023 Lexovieusis
2505 3980 2608 4022 ar-

780 4057 1199 4137 chidiaconus,
1229 4059 1545 4136 Ricardus
1586 4063 1813 4138 Bam-e,
1859 4069 1921 4129 ct
1964 4064 2262 4144 mayister
2291 4063 2609 4125 Heuricus

777 4162 1058 4239 salutem,
1089 4167 1150 4224 ct
1165 4160 1358 4244 fidele
1387 4164 1455 4227 iu
1483 4165 1763 4229 omuibus
1791 4171 1852 4228 et
1880 4166 2102 4248 ubique
2132 4165 2502 4247 obsequium.

775 4311 1102 4375 Novsnn·
1158 4313 1462 4395 majestas
1521 4319 1753 4392 vestra,
1805 4315 1978 4397 quod
2036 4336 2239 4398 quum
2293 4313 2606 4378 Ricardus

688 4412 888 4476 Barre
945 4434 1065 4476 nos
1123 4414 1566 4497 praecessisset,
1620 4421 1687 4479 et
1738 4436 1887 4480 cum
1940 4417 2149 4481 multo
2200 4417 2486 4500 periculo
2536 4423 2605 4481 et
