3200 5392
701 763 831 827 330
1411 785 1901 830 ANONYMORUM

696 897 1115 982 providentiae
1149 898 1220 962 in
1254 905 1586 964 tantarum
1623 921 1842 964 rerum
1885 899 2441 966 administratione
2480 924 2602 966 un-

699 1022 892 1083 quam
935 1001 1174 1084 legitur
1214 1000 1431 1065 fuisse.
1525 1001 1663 1066 Sibi
1697 1003 1833 1085 ipse
1872 1003 2140 1067 sufficit:
2189 1004 2301 1070 sed
2336 1006 2602 1069 affectus

698 1124 882 1167 meus
910 1105 1053 1170 volo
1082 1105 1142 1168 ei
1171 1105 1552 1169 innotescat.
1632 1106 1875 1169 Mereri
1902 1105 2081 1171 libet.
2163 1108 2442 1172 Gratum
2473 1117 2603 1173 ete·

699 1208 838 1270 nim
880 1207 1042 1271 mihi
1083 1214 1181 1271 est
1228 1208 1283 1271 si
1330 1207 1486 1291 quid
1529 1230 1610 1272 ex
1644 1229 1749 1272 me
1793 1209 1864 1272 in
1906 1209 2079 1273 illius
2121 1232 2277 1287 usus
2322 1220 2601 1276 emanat.

699 1308 856 1373 Non
897 1316 1029 1373 est:
1075 1309 1212 1393 ipse
1242 1310 1418 1373 enim
1446 1310 1696 1374 noviter
1726 1309 1806 1373 ab
1838 1310 1977 1375 heri
2005 1312 2107 1376 vel
2135 1313 2605 1378 nudiustertius

697 1420 937 1476 nostrae
969 1411 1421 1476 familiaritatis
1462 1419 1792 1477 contracta
1834 1414 2059 1495 gratia,
2093 1436 2237 1497 quae
2280 1415 2361 1479 ab
2402 1416 2603 1498 ipsius

699 1516 905 1579 aetatis
936 1537 1099 1599 pene
1128 1515 1386 1580 exordio
1408 1515 1603 1580 traxit
1635 1517 1968 1599 originem,
1994 1523 2059 1580 et
2082 1539 2273 1599 quam
2302 1539 2604 1601 processu

696 1610 1000 1702 temporis
1031 1617 1519 1683 succedentibus
1559 1617 1683 1682 sibi
1710 1618 1982 1682 invicem
2023 1620 2268 1683 meritis
2296 1642 2500 1703 usque
2530 1622 2602 1684 in

696 1721 834 1785 haec
861 1727 1154 1804 tempora
1181 1729 1618 1785 conservatam
1643 1728 1709 1785 et
1730 1722 1992 1786 uberius
2024 1729 2279 1786 auctam
2304 1723 2597 1787 arbitror.

695 1825 739 1887 J
741 1825 1067 1889 ocundum
1098 1826 1254 1889 mihi
1285 1832 1351 1889 et
1382 1847 1574 1908 quam
1604 1826 1882 1889 maxime
1913 1834 2171 1908 gratum
2202 1828 2370 1910 quod
2401 1828 2599 1891 talem

695 1927 958 1991 sortitus
1005 1950 1172 2007 sum,
1204 1928 1258 1992 si
1294 1929 1492 1992 talem
1537 1950 1910 1992 conservare
1953 1931 2318 1993 meruerim.
2411 1930 2606 1995 Quod

695 2030 749 2093 si
792 2029 863 2094 in
898 2031 1112 2114 aliquo
1153 2028 1460 2108 aberravi,
1491 2031 1876 2111 ignorantiae
1907 2053 2144 2113 quaeso,
2177 2054 2311 2096 non
2341 2033 2602 2096 malitiae

695 2133 1112 2198 adscribatur.
1207 2134 1351 2198 Scio
1395 2141 1618 2196 tamen
1664 2134 1838 2215 quod
1876 2143 2165 2217 superest
2202 2135 2362 2198 mihi
2393 2135 2601 2199 adhuc

694 2238 868 2321 prior
897 2238 1163 2302 affectus
1193 2244 1259 2301 et
1289 2258 1367 2310 ex
1397 2236 1810 2320 dispositione
1846 2237 1917 2299 in
1946 2237 2242 2300 habitum
2272 2259 2428 2301 usus
2457 2259 2600 2320 per-

695 2348 980 2405 severat:
1043 2342 1194 2405 licet
1250 2341 1323 2404 in
1374 2340 1741 2404 ostensione
1800 2341 2014 2405 minor
2062 2341 2259 2404 fuerit
2312 2342 2597 2405 effectus.

694 2445 905 2508 Duret
934 2445 1188 2508 utinam
1227 2445 1347 2508 iste
1386 2453 1452 2508 et
1494 2443 1841 2508 inviolatus
1879 2452 2252 2526 permaneat
2283 2466 2488 2525 usque
2527 2444 2600 2507 in

691 2550 890 2613 finem
919 2571 1053 2614 non
1082 2550 1421 2614 habiturus
1459 2550 1844 2614 incrementi
1878 2549 2161 2612 modum.
2250 2550 2425 2612 Amo
2456 2550 2594 2632 qui-

695 2652 842 2716 dem
883 2674 1048 2731 amo,
1080 2659 1146 2717 et
1176 2653 1231 2716 si
1258 2674 1487 2736 parum
1517 2659 1635 2731 est,
1669 2674 1876 2717 amem
1919 2673 2031 2716 oro
2064 2651 2355 2715 validius.
2450 2653 2597 2718 Stat

692 2764 914 2819 tamen
953 2756 1294 2821 immotum
1340 2755 1510 2839 apud
1554 2778 1660 2820 me
1700 2756 1874 2838 quod
1914 2776 2109 2819 nemo
2154 2755 2434 2819 filiorum
2461 2778 2597 2821 ves-

692 2867 944 2923 trorum
986 2882 1092 2924 me
1134 2859 1415 2938 uberius,
1455 2858 1802 2942 jocundius
1847 2866 1960 2924 aut
2006 2859 2255 2922 dulcius
2299 2881 2409 2924 vos
2455 2860 2596 2923 dili-

693 2984 845 3045 gere
889 2971 1101 3047 queat,
1141 2985 1370 3047 parum
1412 2963 1562 3026 licet
1606 2962 1784 3026 vobis
1830 2983 1974 3028 mea
2013 2962 2270 3025 dilectio
2311 2964 2599 3026 conferre

692 3065 911 3149 possit,
943 3065 1158 3127 minus
1187 3065 1412 3147 utique
1458 3070 1555 3127 est
1601 3085 1795 3147 quam
1835 3064 2084 3141 vellem,
2117 3065 2229 3128 sed
2265 3064 2597 3148 imperfec-

692 3176 838 3231 tum
905 3189 1124 3233 meum
1181 3167 1644 3249 omnipotentis
1704 3167 1831 3231 Dei
1888 3167 2215 3230 miseratio
2283 3169 2596 3250 suppleat.

690 3272 960 3335 Excessi
981 3271 1387 3354 epistolarem
1414 3270 1486 3333 in
1516 3268 1853 3334 scribendo
1875 3269 2162 3348 modum,
2190 3270 2345 3333 dum
2367 3292 2598 3353 parum

690 3374 850 3438 mihi
885 3381 1002 3453 est,
1035 3396 1163 3456 qua
1203 3379 1385 3456 parte
1428 3373 1578 3436 licet
1619 3373 1854 3435 scheda
1896 3372 2101 3454 magis
2140 3395 2333 3454 quam
2373 3373 2597 3453 lingua

689 3476 1018 3542 vobiscum
1047 3477 1242 3560 loqui.
1332 3475 1565 3539 Pareat
1595 3484 1818 3539 tamen
1847 3475 2007 3540 mihi
2036 3475 2324 3557 benigna
2349 3470 2595 3557 patien-

689 3580 801 3659 tia,
835 3582 890 3644 si
919 3581 1040 3644 hoc
1068 3600 1275 3646 unum
1305 3579 1596 3662 adjecero
1632 3600 1716 3642 ne
1745 3579 1846 3642 vel
1874 3578 2067 3641 nimis
2108 3600 2300 3661 supra
2328 3576 2593 3642 modum

691 3682 1064 3748 terreamini
1092 3683 1192 3746 vel
1220 3682 1550 3761 blanditiis
1580 3682 1958 3746 turbamini.
2010 3680 2319 3746 Veritatis
2350 3687 2592 3743 amato-

690 3808 827 3849 rem
873 3786 1112 3848 sentiat
1157 3785 1449 3848 adulator
1494 3791 1557 3847 et
1603 3784 2017 3848 assentatoris
2056 3783 2281 3865 lingua
2316 3782 2388 3845 in
2431 3804 2591 3868 prae·

691 3888 902 3953 sentia
945 3892 1156 3950 vestra
1205 3886 1626 3952 obmutescat.
1716 3888 1988 3951 Erectus
2040 3887 2124 3950 sit
2166 3893 2393 3952 vestrae
2443 3908 2593 3950 con-

689 3991 945 4056 stantiae
975 3996 1218 4067 status3
1262 3989 1435 4052 flecti
1462 3989 1563 4053 vel
1596 3990 1810 4073 frangi
1849 3990 2109 4054 nesciat.
2201 3989 2596 4053 Turbabitur

688 4095 961 4161 forsitan
1003 4093 1303 4171 mundus,
1338 4093 1448 4157 sed
1486 4094 1830 4158 exaltatam
1868 4094 2210 4177 procellam
2255 4093 2475 4156 sedare
2521 4114 2595 4156 ac

691 4200 1045 4282 deprimere
1102 4206 1331 4280 potens
1377 4203 1473 4260 est
1518 4197 1860 4261 Dominus.
1949 4198 2034 4259 In
2084 4217 2286 4259 manu
2329 4195 2599 4260 Domini

689 4303 883 4366 corda
925 4308 1079 4365 sunt
1122 4323 1349 4383 regum
1387 4300 1619 4383 quibus
1654 4300 1754 4363 vel
1796 4300 1868 4362 in
1911 4299 2346 4364 misericordia
2382 4299 2482 4363 vel
2524 4299 2596 4361 in

682 4405 926 4489 judicio
970 4393 1179 4468 utitur
1223 4404 1559 4467 miserator
1603 4409 1669 4465 et
1713 4402 1928 4485 justus
1973 4402 2316 4467 Dominus
2411 4404 2594 4467 State
