3200 5392
732 799 862 862 248
1446 815 1917 861 srtscoronuu

730 933 1051 998 celebrato
1103 940 1427 998 conventu
1476 934 1567 998 sic
1619 954 1688 998 se
1731 933 2085 1012 habuisset,
2134 939 2471 1019 tamquam
2522 935 2642 1001 sibi

729 1036 891 1101 liber
919 1057 1056 1101 esse
1083 1036 1428 1101 videretur.
1518 1035 2078 1101 Consuetudinem
2121 1058 2376 1122 quoque
2419 1039 2639 1123 vulga-

728 1162 866 1205 rem
912 1138 1513 1224 praetendebamus:
1562 1138 1735 1223 quod
1787 1139 1842 1202 si
1894 1139 2040 1223 quis
2086 1162 2327 1205 novum
2372 1141 2639 1206 feudum

725 1240 811 1305 ab
848 1241 1072 1306 eodem
1110 1241 1372 1306 domino
1415 1240 1702 1326 recipiat,
1733 1241 2096 1306 hominium
2128 1244 2309 1327 quasi
2352 1265 2431 1307 ex
2474 1265 2639 1308 nova.

728 1366 920 1409 causa
947 1345 1181 1409 iterato
1208 1345 1416 1409 facere
1446 1343 1868 1428 compellitur.
1965 1345 2071 1409 Ad
2092 1340 2246 1429 'quae
2274 1346 2492 1411 omnia
2518 1347 2639 1411 hoc

726 1447 887 1511 mihi
929 1468 1306 1531 responsum
1350 1452 1467 1522 est,
1515 1446 1688 1530 quod
1730 1447 2044 1529 professio
2087 1449 2280 1512 semel
2328 1448 2503 1512 facta
2546 1449 2637 1513 sic

728 1549 972 1634 obligat
1011 1571 1371 1633 personam,
1402 1556 1479 1613 ut
1508 1549 1688 1613 nulla
1716 1556 1924 1614 status
1956 1551 2056 1614 sui
2083 1550 2444 1614 mutatione
2474 1550 2633 1615 libe-

725 1654 854 1718 rari
883 1654 1102 1737 possit,
1136 1653 1339 1718 donec
1377 1653 1448 1716 in
1478 1653 1742 1718 alterius
1771 1660 2061 1717 transeat
2081 1652 2632 1737 jurisdictionem:

726 1777 846 1821 nec
885 1777 1026 1820 eam
1065 1757 1279 1840 aliqua
1319 1756 1569 1820 ratione
1611 1778 1650 1819 a
1676 1755 1856 1819 vobis
1899 1757 2035 1839 peti
2078 1777 2281 1839 posse,
2311 1756 2437 1819 nisi
2467 1756 2634 1821 forte

725 1858 805 1921 de
857 1859 1323 1923 consuetudine
1367 1857 1650 1922 ecclesiae
1699 1865 1926 1922 vestrae
1974 1864 2161 1936 esset,
2213 1857 2385 1941 quod
2436 1856 2634 1922 solius

724 1961 1178 2046 archiepiscopi
1227 1984 1534 2046 personae,
1584 1962 1695 2045 qui
1745 1962 1931 2024 illum
1984 1968 2437 2051 consecrasset,
2484 1983 2634 2045 pro-

722 2065 913 2129 fessio
941 2066 1111 2129 facta
1140 2072 1325 2144 esset,
1358 2073 1425 2128 et
1459 2086 1593 2128 non
1623 2065 1742 2147 ipsi
1776 2071 1969 2147 atque
2000 2066 2472 2129 successoribus
2505 2065 2634 2129 suis

724 2169 1027 2233 canonice
1056 2167 1538 2232 substituendis.
1633 2167 1825 2232 Quod
1862 2167 1918 2230 si
1957 2166 2053 2230 ita
2082 2175 2272 2246 esset,
2304 2174 2466 2232 tunc
2496 2168 2631 2251 qui-

724 2271 870 2335 dem
908 2271 1085 2335 illam
1126 2292 1164 2334 a
1191 2270 1368 2334 vobis
1409 2270 1552 2354 jure
1588 2268 1759 2352 exigi
1798 2289 2003 2352 posse,
2035 2291 2171 2333 non
2210 2270 2438 2355 utique
2479 2291 2629 2348 suae,

722 2375 835 2438 sed
862 2382 1089 2439 vestrae
1116 2375 1366 2438 ratione
1395 2395 1704 2456 personae.

808 2478 908 2541 De
954 2484 1185 2540 caetero
1229 2476 1400 2561 quod
1445 2476 1528 2540 ad
1566 2476 2086 2540 benedictionem
2131 2476 2380 2539 abbatis
2423 2476 2629 2539 sancti

718 2580 1078 2662 Augustini
1106 2580 1406 2661 pertinet,
1438 2579 1680 2642 frustra
1709 2579 1951 2664 aliquid
1981 2579 2189 2643 solatii
2220 2579 2627 2661 exspectatis.

722 2682 912 2748 Quod
979 2682 1181 2765 igitur
1239 2682 1448 2764 agitis,
1511 2682 1922 2746 dilectissime
1981 2689 2164 2765 pater
2221 2689 2289 2746 et
2348 2682 2627 2760 domine,

719 2786 914 2849 solius
958 2786 1103 2864 Dei,
1144 2791 1210 2850 et
1252 2785 1448 2864 illius,
1480 2786 1585 2849 cui
1630 2787 1774 2850 Deo
1819 2791 2080 2850 auctore
2123 2784 2497 2868 praesidetis,
2528 2806 2629 2850 ec-

718 2890 923 2953 clesiae
964 2888 1336 2953 libertatum
1368 2889 1953 2954 conservandarum
1988 2889 2237 2952 intuitu
2265 2889 2531 2967 faciatis,
2563 2895 2630 2952 et

718 2993 797 3057 ab
829 3015 905 3057 eo
935 2993 1068 3056 solo
1096 2992 1332 3057 laboris
1362 2994 1556 3077 hujus
1599 3000 1667 3056 et
1709 2991 2216 3073 consolationem
2246 2997 2314 3055 et
2350 2991 2628 3056 retribu-

715 3095 960 3158 tionem
1005 3096 1403 3178 exspectetis.
1506 3095 1669 3177 Eg0,
1717 3094 1884 3158 sicut
1926 3115 1968 3157 a
2006 3094 2234 3163 multis
2278 3094 2443 3157 mihi
2485 3115 2627 3177 pro-

713 3200 994 3282 ponitur,
1025 3220 1160 3263 non
1202 3199 1394 3262 modo
1438 3198 1733 3276 similem,
1777 3197 1889 3261 sed
1934 3197 2262 3261 duriorem
2307 3197 2628 3262 calculum

715 3310 1029 3385 exspectO.
1120 3302 1394 3365 Utinam
1424 3300 1595 3364 exilii
1624 3298 1821 3363 vestri
1855 3299 2174 3382 particeps
2213 3300 2474 3363 futurus
2514 3306 2626 3362 aut

712 3406 1002 3488 praevius.
1095 3405 1235 3468 Nec
1286 3405 1513 3488 utique
1558 3403 1746 3466 nobis
1792 3401 2144 3484 inglorium
2195 3402 2336 3480 erit,
2384 3409 2458 3464 ut
2512 3399 2624 3483 qui

713 3530 829 3591 pro
859 3507 1248 3571 vanitatibus
1280 3515 1344 3570 et
1376 3507 1592 3570 saeculi
1622 3504 2178 3584 delectationibus,
2202 3503 2426 3567 multis
2456 3523 2623 3586 saepe

712 3612 941 3674 mundi
969 3611 1282 3694 prosperis
1314 3609 1496 3673 abusi
1526 3631 1770 3687 sumus,
1803 3629 1980 3671 nunc
2021 3606 2073 3671 si
2114 3627 2373 3671 necesse
2401 3605 2619 3683 fuerit,

713 3734 829 3795 pro
857 3712 1283 3777 retributione
1322 3713 1567 3776 coelesti
1608 3712 1871 3776 adversa
1911 3711 2102 3775 simul
2140 3710 2457 3773 sustinere
2486 3730 2623 3772 non

710 3815 1145 3878 formidemus.
1202 3814 1487 3878 Laborat
1516 3821 1741 3878 tamen
1774 3815 2055 3878 Pisanus
2085 3819 2323 3889 noster,
2355 3819 2432 3876 ut
2461 3811 2624 3875 mihi

709 3919 780 3982 in
810 3918 949 3980 loco
978 3917 1204 3982 tutiori
1231 3917 1683 4000 prospiciatur.
1774 3918 1863 3982 Et
1890 3917 2174 4001 idipsum
2205 3938 2271 3980 se
2301 3915 2480 3980 vobis
2508 3934 2626 3999 per

712 4020 1012 4084 abbatem
1064 4020 1143 4084 de
1190 4021 1618 4106 Eleemosyna
1666 4020 2000 4084 intimasse
2054 4027 2391 4083 asseverat.
2481 4020 2625 4101 Ego

709 4124 1163 4189 Pontiniacum
1193 4124 1571 4208 proficiscor,
1602 4131 1680 4187 ut
1720 4123 1892 4186 illius
1928 4123 2258 4204 religionis
2301 4120 2625 4186 devotioni

708 4237 845 4293 tam
896 4234 1173 4292 vestram
1226 4250 1420 4311 quam
1470 4234 1761 4291 nostram
1814 4225 2261 4290 commendem
2313 4224 2624 4288 intentio·

707 4355 877 4396 nem.
968 4333 1142 4396 Nam
1171 4331 1263 4395 ibi
1295 4330 1583 4394 divinum
1624 4328 2105 4413 implorandum
2146 4336 2246 4391 est
2288 4329 2620 4403 auxilium,

706 4435 819 4498 ubi
872 4434 1230 4497 humanum
1284 4433 1500 4503 deesse
1553 4432 1827 4496 videtur.
1921 4430 2344 4495 Orationibus
2399 4429 2621 4493 Clare·
