3200 5392
557 981 692 1023 Am.
730 957 1122 1039 1161-89,]
1225 968 1556 1020 mmmmm
1588 978 1913 1027 QUAEDAM.
2375 961 2460 1023 59

556 1097 837 1175 Thomae,
873 1092 1197 1180 quondam
1228 1095 1722 1160 cantuariorum
1757 1096 2233 1179 archiepiscopi,
2263 1119 2302 1161 a
2328 1098 2463 1181 ple·-

555 1203 789 1285 risque,
822 1200 1053 1284 quibus
1090 1200 1288 1265 fidem
1330 1199 1634 1264 adhibere
1674 1201 2121 1264 consuevimus
2161 1207 2227 1264 et
2272 1200 2463 1265 debe-

555 1326 718 1383 mus,
768 1304 850 1368 ad
902 1303 1297 1367 audientiam
1349 1309 1641 1366 nostram
1691 1303 1941 1386 perlata
1988 1303 2303 1367 fuissent:
2354 1323 2464 1368 ex-

555 1407 980 1491 spectavimus
1030 1412 1255 1470 tamen
1307 1404 1751 1469 testimonium
1796 1412 2098 1484 vestrum,
2147 1412 2222 1469 ut
2267 1405 2339 1468 in
2385 1425 2463 1470 eo

555 1510 993 1575 canonizando
1035 1508 1300 1573 liberius
1342 1526 1673 1592 possemus
1716 1509 2076 1591 procedere,
2108 1528 2313 1594 quum
2355 1529 2464 1571 su-

552 1632 667 1695 per
703 1611 1103 1676 mirabilibus
1143 1610 1318 1674 illius
1358 1610 1566 1674 sancti
1592 1609 1715 1673 viri
1741 1631 1859 1693 per
1885 1632 1998 1674 vos
2027 1632 2145 1674 nos
2176 1609 2465 1693 contige-

553 1715 640 1778 rit
681 1715 823 1778 fieri
866 1715 1186 1780 certiores,
1280 1714 1528 1778 Habito
1571 1713 1792 1804 itaque
1830 1714 2205 1779 testimonio
2248 1714 2463 1779 litera-

553 1838 700 1881 rum
733 1824 1113 1896 vestrarum,
1155 1818 1228 1880 in
1272 1816 1480 1900 capite
1517 1817 1771 1901 jejunii,
1816 1817 2236 1882 multitudine
2281 1817 2465 1883 cleri-

553 1940 773 1983 corum
817 1920 890 1983 in
933 1919 1197 1984 ecclesia
1238 1918 1651 1998 consistente,
1686 1918 1873 1983 illum
1909 1925 2208 1984 sanctum
2254 1919 2462 1983 solen-

552 2021 726 2084 niter
754 2020 1288 2100 canonizavimus,
1320 2041 1598 2104 eumque
1630 2022 1903 2105 glorioso
1931 2029 2293 2106 martyrum
2333 2022 2463 2086 col-

551 2122 721 2204 legIo
782 2121 1174 2185 decrevimus
1232 2121 1787 2186 conscribendum.
1880 2122 2207 2189 Quoniam
2261 2123 2466 2206 igitur

553 2244 746 2307 super
774 2224 897 2288 hoc
925 2244 1062 2287 non
1092 2224 1300 2287 solum
1329 2223 1612 2288 ecclesiae
1643 2223 2039 2306 Anglicanae,
2070 2226 2185 2289 sed
2213 2230 2280 2290 et
2307 2226 2463 2308 ipsis

550 2327 811 2409 regibus
879 2327 1020 2410 ipsa
1079 2327 1316 2409 scripta
1384 2326 1740 2410 dirigimus,
1800 2332 2030 2390 vestrae
2094 2325 2464 2391 discretioni

550 2429 932 2493 mandamus
985 2436 1060 2493 ut
1119 2428 1345 2492 eadem
1397 2429 1637 2512 scripta
1684 2449 1801 2512 per
1846 2448 1956 2491 vos
1998 2428 2169 2512 ipsos
2221 2428 2273 2491 si
2321 2429 2463 2492 fieri

548 2538 762 2616 potest
794 2532 1034 2595 eisdem
1061 2530 1323 2615 regibus
1366 2530 1706 2614 assignetis
1747 2536 1816 2595 et
1850 2530 2105 2613 scripta,
2139 2552 2282 2615 quae
2323 2552 2462 2596 mo-

438 2678 445 2683 -
548 2635 771 2699 nachis
817 2633 1389 2699 cantuariensibus
1433 2640 1501 2697 et
1549 2634 1832 2698 ecclesiae
1876 2633 2257 2717 Anglicanae
2304 2633 2458 2697 diri-

552 2737 782 2819 gimuS,
815 2736 1128 2820 assignari
1155 2736 1425 2801 faciatis.
1503 2737 1678 2800 Data
1709 2735 1949 2820 Signiae
1980 2736 2040 2799 vi
2071 2735 2171 2801 Id.
2204 2735 2454 2803 Martii.

552 3047 994 3113 EPISTOLA
1038 3045 1913 3141 CCCXXXV1.-musnnn
1946 3068 2042 3111 AD
2071 3066 2462 3113 m'rmucnn-

623 3171 752 3215 sEM
781 3170 1349 3216 Ancnmmscorum
1378 3171 1466 3214 m·
1496 3171 1973 3215 NIVERNENSEM
2003 3170 2388 3217 Enseortm.

552 3301 916 3364 Alexander
945 3304 1262 3382 episcopus
1289 3321 1501 3364 servm
1527 3321 1843 3365 servorum
1872 3302 2465 3367 Deivenerabilibus

623 3399 949 3482 fratribus
1013 3401 1395 3464 Bituricensi
1459 3402 1918 3482 archiepiscopo
1976 3410 2036 3466 et
2092 3405 2466 3467 Nivernensi

639 3504 922 3589 episcopo
950 3505 1213 3567 salutem
1242 3508 1305 3566 et
1333 3504 1735 3584 apostolicam
1766 3504 2257 3568 benedictionem.

636 3657 1151 3720 Fumammn
1207 3659 1436 3718 vestrae
1493 3676 1628 3718 non
1680 3653 2000 3719 credimus
2057 3675 2195 3718 esse
2240 3654 2462 3739 incog-

550 3759 783 3837 nitum,
816 3757 1091 3841 qualiter
1125 3763 1363 3822 sanctae
1397 3757 1860 3823 recordationis
1904 3758 2211 3838 Thomas,
2254 3779 2458 3842 quon-

551 3861 700 3924 dam
724 3860 1209 3925 Cantuariensis
1240 3859 1772 3944 archiepiscOPUS,
1801 3861 1881 3925 de
1902 3861 2212 3926 mandato
2234 3868 2460 3928 nostro

548 3963 620 4025 in
665 3961 1187 4026 Londoniensem
1231 3967 1297 4025 et
1346 3961 1886 4026 Salesberiensem
1936 3964 2305 4047 episcopum
2351 3958 2459 4029 exl-

551 4064 1152 4130 communicationis
1184 4064 1573 4128 sententiam
1608 4067 2059 4150 promulgavit,
2092 4088 2287 4151 quam
2328 4069 2459 4133 uti-

552 4189 677 4252 que
713 4190 831 4232 nos
867 4175 1078 4233 ratam
1112 4168 1425 4233 habentes
1466 4175 1533 4232 et
1573 4171 1847 4248 firmam,
1891 4192 2034 4235 eam
2074 4172 2459 4237 auctoritate

550 4270 897 4355 apostolica
925 4271 1286 4335 curavimus
1316 4272 1717 4336 confirmare.
1789 4271 1962 4337 Quia
1988 4295 2138 4339 vero
2167 4274 2459 4357 praedicti

549 4373 844 4457 episcopi,
876 4374 1055 4438 senio
1085 4381 1151 4438 et
1183 4372 1517 4439 debilitate
1547 4375 1828 4459 corporis
1859 4375 2153 4453 confecti,
2187 4381 2254 4437 et
2295 4374 2459 4438 alter

548 4475 772 4541 morbo
810 4475 1130 4555 laborans,
1163 4476 1246 4540 ad
1289 4479 1698 4560 praesentiam
1736 4484 2028 4542 nostram
2065 4475 2283 4540 venire
2323 4497 2457 4542 non

547 4586 839 4662 possunt,
893 4579 1092 4658 vobiS,
1147 4579 1227 4643 de
1275 4600 1548 4663 quorum
1597 4581 1943 4663 prudentia
2000 4586 2066 4644 et
2115 4579 2455 4644 honestate
