3200 5392
118 231 127 238 ῃ

550 931 684 975 m).
721 908 1115 992 1161—89.]
1218 928 1563 972 nrlswoffl·
1583 927 1908 980 Quanam.
2375 912 2455 974 75

606 1180 1060 1247 EPISTOLA
1104 1155 1788 1245 CCCLI.—Esusnfcu
1832 1181 1943 1264 [Er
1976 1201 2295 1245 Amomm
2331 1201 2407 1244 IN

1005 1303 1293 1346 EANDEM
1327 1282 1649 1365 FORMAM]
1692 1302 1784 1344 An
1821 1330 1835 1345 .
1869 1328 1885 1345 .
1923 1330 1937 1345 .
1974 1329 1989 1345 .

548 1434 627 1497 In
669 1436 829 1497 hunc
871 1409 1129 1498 modum*
1146 1435 1365 1515 plures
1423 1433 1691 1495 Romani
1727 1430 2057 1514 pontifices
2102 1454 2144 1497 a
2194 1439 2463 1518 tempore

945 1538 1109 1602 beati
1146 1537 1435 1619 Gregorii
1450 1556 1639 1617 papae
1666 1537 2067 1617 scripserunt.

652 1688 1036 1757 ANTIQUAM
1095 1685 1519 1751 Eboracensis
1577 1686 1859 1751 ecclesiae
1916 1686 2303 1769 dignitatem
2360 1687 2460 1751 in·

547 1796 802 1873 tegram
830 1789 1190 1854 conservari
1223 1796 1483 1853 auctore
1506 1788 1790 1853 Domino
1820 1789 2173 1872 cupientes,
2205 1797 2271 1854 et
2298 1810 2460 1873 prae-

552 1893 959 1957 decessorum
1001 1897 1373 1957 nostrorum
1414 1892 1858 1956 Romanorum
1900 1892 2282 1976 pontificum
2324 1913 2462 1956 ves-

551 1996 730 2079 tigiis
772 1991 1182 2073 inhaerentes,
1235 1995 1621 2060 auctoritate
1661 1996 2009 2079 apostolica
2049 1996 2465 2080 prohibemus

553 2119 641 2161 ne
669 2097 942 2160 ulterius
973 2104 1086 2160 aut
1116 2097 1603 2160 Cantuariensis
1635 2098 2144 2180 archiepiscopus
2181 2098 2261 2162 ab
2293 2098 2465 2162 Ebo-

554 2197 807 2261 racensi
854 2196 1317 2281 professionem
1368 2197 1606 2280 exigat,
1655 2206 1769 2261 aut
1820 2198 2243 2263 Eboracensis
2295 2201 2466 2263 Can-

446 2349 450 2351 *
554 2298 870 2363 tuariensi
928 2298 1264 2377 exhibeat;
1337 2320 1573 2383 neque,
1636 2300 1807 2383 quod
1857 2295 2119 2384 penitus
2179 2323 2218 2365 a
2273 2301 2467 2366 beato

561 2401 875 2484 Gregorio
938 2400 1340 2485 prohibitum
1409 2409 1523 2479 est,
1583 2403 1721 2466 ullo
1786 2401 1984 2467 modo
2040 2403 2468 2467 Eboracensis

557 2504 1043 2570 cantuariensis
1089 2504 1320 2568 ditioni
1372 2503 1737 2589 subjaceat:
1784 2504 1898 2570 sed
1941 2506 2131 2589 juxta
2176 2506 2466 2589 ejusdem

554 2607 756 2692 patris
785 2606 1315 2672 constitutionem
1342 2606 1470 2671 ista
1496 2608 1670 2672 inter
1699 2629 1807 2672 eos
1834 2608 2098 2672 honoris
2135 2608 2466 2673 distinctio

555 2710 628 2774 in
668 2716 1053 2794 perpetuum
1097 2715 1402 2787 servetur,
1433 2716 1510 2773 ut
1553 2710 1730 2794 prior
1764 2710 2099 2790 habeatur,
2140 2710 2250 2794 qui
2293 2711 2468 2795 prior

556 2812 751 2876 fuerit
798 2812 1152 2875 ordinatus.
1267 2812 1458 2890 Sane,
1512 2812 1566 2874 si
1619 2812 2102 2876 cantuariensis
2155 2812 2465 2896 archiepi-

559 2936 790 2997 scopus
840 2913 920 2977 ab
961 2913 1352 2977 Eboracensi
1400 2914 1606 2977 electo
1650 2934 1921 2976 manum
1971 2904 2467 2978 consecrationis

560 3015 967 3093 subtraxerit,
1000 3037 1192 3099 quam
1221 3015 1516 3079 videlicet
1539 3015 1731 3098 juxta
1759 3015 2172 3079 ecclesiarum
2203 3036 2466 3079 suarum

561 3140 808 3183 morem
854 3118 939 3181 ab
984 3116 1278 3183 Honorio
1316 3118 1483 3181 sedis
1524 3117 1888 3202 apostolicae
1925 3118 2302 3182 institutum
2346 3117 2470 3182 sibi

563 3220 825 3298 debent,
859 3220 1052 3284 liceat
1095 3221 1304 3285 eidem
1347 3220 1741 3285 Eboracensi
1780 3221 2137 3285 secundum
2180 3242 2467 3285 commu-

560 3344 716 3388 nem
762 3323 1300 3387 consuetudinem
1352 3329 1419 3387 et
1464 3323 1756 3407 praedicti
1805 3325 2006 3408 patris
2056 3325 2263 3389 nostri
2306 3324 2468 3388 Gre-

567 3426 730 3511 gorii
778 3425 1179 3489 sanctionem
1224 3431 1289 3489 et
1325 3425 1574 3490 domini
1611 3427 1818 3491 nostri
1859 3436 2096 3492 sanctae
2143 3427 2470 3492 memoriae

567 3530 895 3595 Paschalis
944 3550 1127 3613 papae
1172 3528 1555 3593 mandatum
1607 3551 1647 3594 a
1692 3530 2113 3614 suffraganeis
2173 3530 2303 3595 suis
2355 3536 2470 3596 aut

566 3655 606 3698 a
636 3635 932 3699 Romano
958 3632 1264 3717 pontifice
1292 3632 1671 3697 consecrari.

679 3936 1125 4000 EPISTOLA
1169 3934 1887 4000 CCcL11.-nmsnnm
1916 3954 2011 3998 An
2041 3954 2347 4000 EUNDEM.

568 4087 930 4152 Aleoeander
956 4086 1072 4150 III
1090 4087 1409 4168 episcopus
1443 4107 1657 4150 servus
1694 4106 2010 4151 servorum
2046 4088 2189 4164 Dei,
2220 4108 2474 4152 venera·

657 4189 767 4251 bili
799 4188 1008 4271 fratri
1052 4190 1130 4252 R.
1162 4190 1546 4253 Eboracensi
1590 4191 2067 4273 archiepiscOpO,
2111 4192 2372 4289 salutem
2414 4196 2476 4254 et

657 4294 1055 4373 apostolicam
1087 4293 1578 4358 benedictionem.

659 4442 869 4505 Smwr
900 4444 1194 4507 Romana
1237 4443 1503 4509 ecclesia
1544 4443 1839 4509 omnium
1883 4444 2315 4524 ecclesiarum,
2348 4441 2475 4504 dis-

563 4551 847 4628 ponente
890 4544 1192 4623 Domino‚
1242 4554 1452 4610 mater
1497 4551 1594 4608 est
1647 4554 1713 4609 et
1762 4545 2089 4627 magistra,
2133 4544 2227 4608 ita
2274 4543 2471 4608 etiam
