3200 5392
0 67 3175 265 m

3174 306 3177 385 1

563 922 700 965 ΑΛ).
741 900 1141 985 nel—89]
1243 920 1576 965 amsa-omn
1610 917 1935 970 QUAEDAM.
2351 899 2477 963 1⁷⁶7

557 1046 695 1103 tere
753 1045 966 1123 potest
1015 1045 1229 1104 vestra
1285 1036 1643 1121 paternitas
1703 1058 1781 1100 ex
1831 1035 2036 1100 literis
2087 1034 2475 1100 sanctissimi

555 1141 676 1205 viri
731 1140 1033 1221 Simonis,
1079 1140 1305 1225 prioris
1347 1141 1428 1205 de
1470 1140 1706 1204 Monte
1747 1138 1890 1219 Dei,
1941 1138 2053 1223 qui
2097 1138 2269 1222 quod
2309 1137 2469 1203 vidit

557 1250 625 1308 et
656 1244 900 1308 audivit
927 1245 1001 1308 in
1030 1244 1404 1309 executione
1443 1241 1736 1307 mandati
1766 1241 1982 1321 vestri,
2012 1241 2136 1307 hoc
2170 1247 2466 1306 testatur.

556 1347 679 1411 Vir
706 1348 931 1432 utique
959 1347 1189 1431 plenus
1219 1345 1607 1411 auctoritate
1636 1345 1808 1425 fidei,
1845 1346 2031 1430 cujus
2059 1344 2254 1410 verba
2296 1344 2470 1428 apud

555 1471 673 1514 nos
717 1458 784 1515 et
833 1450 1131 1533 reliquos,
1179 1450 1290 1534 qui
1340 1447 1674 1513 hominem
1723 1454 2064 1527 noverunt,
2110 1448 2466 1513 multorum

553 1553 1048 1637 praeponderant
1069 1552 1477 1637 juramentis.
1530 1551 1694 1618 Quis
1722 1573 2013 1635 unquam
2042 1557 2276 1635 praeter
2293 1550 2464 1615 Can-

552 1657 945 1723 tuariensem
999 1679 1038 1722 a
1076 1658 1447 1723 Christiano
1492 1658 1565 1722 in
1620 1678 2025 1741 quacumque
2073 1656 2465 1740 obligatione

552 1768 812 1826 coactus
856 1767 955 1826 est
998 1761 1099 1825 vel
1143 1767 1406 1826 exactus
1449 1761 1763 1825 honorem
1807 1761 1935 1825 Dei
1976 1760 2244 1825 reticere
2259 1761 2290 1823 ⁴?
2379 1760 2466 1824 In

550 1885 661 1928 vos
691 1864 983 1928 omnium
1014 1864 1182 1927 oculi
1211 1864 1602 1948 diriguntur,
1632 1862 1977 1928 studiosius
1999 1869 2463 1947 exspectantes»

553 1987 748 2049 quam
776 1965 1282 2031 consolationem
1304 1966 1690 2050 praestabitis
1720 1966 2085 2045 confessori,
2110 1987 2303 2050 quem
2332 1965 2462 2029 exi-

550 2072 695 2130 tum
742 2087 951 2130 causae
990 2066 1136 2145 Dei,
1182 2088 1309 2150 qua
1352 2067 1691 2132 severitate
1741 2074 1996 2132 tantam
2047 2068 2462 2151 compescetis

552 2167 907 2230 audaciam.
997 2167 1249 2232 Vestris
1288 2168 1506 2252 itaque
1545 2168 1818 2253 pedibus
1857 2169 2179 2253 provoluti
2223 2169 2462 2252 suppli-

552 2290 773 2334 camus
832 2269 1164 2350 attentius‚
1224 2277 1301 2335 ut
1372 2271 1775 2356 prospiciatis
1837 2272 2068 2336 honori
2127 2278 2336 2336 vestro
2394 2279 2461 2336 et

549 2372 831 2438 ecclesiae
871 2372 1199 2438 libertati:
1254 2374 1406 2457 quia
1451 2372 1808 2439 sublevatio
1857 2374 2053 2438 unius
2101 2374 2225 2438 erit
2270 2373 2460 2439 indu-

549 2473 758 2540 bitata
786 2476 1139 2541 consolatio
1166 2475 1629 2560 plurimorum.>
1709 2475 1781 2540 Si
1817 2475 1994 2540 enim
2037 2482 2173 2541 tam
2214 2474 2464 2539 sincera

548 2599 742 2643 causa
781 2577 852 2642 in
895 2585 1245 2662 conspectu
1286 2586 1500 2644 vestro
1543 2579 1967 2663 periclitatur,
2008 2577 2151 2662 quis
2195 2578 2461 2643 audebit

547 2679 628 2745 de
670 2688 905 2746 caetero
958 2682 1174 2746 saeculi
1224 2673 1676 2765 potestatibus,
1730 2680 2083 2765 quamlibet
2141 2681 2457 2745 malitiam

445 2777 464 2788 ‘
548 2783 1051 2866 attentantibus,
1112 2785 1368 2852 obviare
1384 2787 1414 2849 P
1534 2785 1768 2850 Valeat
1842 2805 2093 2869 semper
2150 2785 2458 2849 sanctitas

547 2894 776 2952 vestra.

548 3246 994 3311 EPISTOLA
1033 3246 1976 3313 CCCCXXVIII.-noraon1
2011 3268 2453 3312 uorouaonu-

1131 3369 1230 3412 s1s
1261 3370 1354 3413 An
1385 3370 1585 3414 aux.
1621 3370 1874 3413 unu.

631 3500 937 3564 EvocA‘n
985 3520 1026 3563 a
1063 3498 1325 3564 domino
1363 3505 1585 3565 nostro
1622 3520 1776 3583 rege
1815 3520 2020 3585 quum
2057 3497 2454 3563 venissemus

545 3602 628 3667 ad
656 3596 922 3681 curiam,
953 3607 1020 3666 et
1063 3622 1214 3666 cum
1256 3601 1483 3666 vestris
1526 3602 1757 3685 legatis
1796 3602 1933 3687 jam
1979 3601 2454 3685 aliquantulum

543 3728 909 3791 processum
955 3713 1125 3771 esset
1173 3727 1366 3790 super
1411 3706 1736 3771 mandatis
1774 3706 2020 3785 vestris,
2062 3727 2142 3770 ex
2183 3704 2452 3769 veracis-

545 3809 706 3873 simo
736 3808 1354 3893 archiepiscoporum
1383 3816 1449 3874 et
1480 3809 1922 3893 episcoporum
1955 3809 2182 3888 relatu,
2214 3807 2325 3892 qui
2369 3808 2453 3873 ad

543 3911 667 3976 hoc
696 3919 1150 3991 convenerant,
1182 3918 1249 3976 et
1279 3911 1514 3996 quibus
1556 3912 1868 3977 nimirum
1910 3911 2246 3992 oredimus,
2284 3910 2452 3977 sicut

543 4013 749 4093 nobis,
798 4013 1027 4078 auditu
1072 4014 1520 4098 comperimus,
1570 4015 1744 4101 quod
1792 4015 2065 4080 nuncios
2115 4022 2181 4079 et
2231 4015 2449 4080 literas

544 4123 786 4181 vestras
826 4116 1127 4181 dominus
1165 4136 1279 4182 rex
1306 4118 1673 4202 Anglorum
1715 4124 1902 4182 tanto
1941 4119 2183 4203 majore
2225 4117 2453 4181 laetitia

544 4221 611 4279 et
652 4212 978 4278 alacritate
1021 4215 1388 4299 susceperit,
1420 4223 1666 4300 quanto
1705 4217 2015 4300 majorem
2054 4216 2115 4280 ei
2152 4214 2447 4298 benigni-

543 4316 697 4381 tatis
746 4322 972 4380 vestrae
1022 4317 1297 4400 gratiam
1346 4318 1720 4401 promittere
1757 4317 2160 4412 videbantur.
2251 4316 2449 4381 Unde

543 4417 858 4504 petitione
897 4423 1110 4481 vestra
1146 4418 1227 4483 de
1265 4439 1422 4503 pace
1451 4419 1937 4484 cantuariensis
1973 4416 2448 4501 archiepiscopi,

545 4523 610 4583 et
651 4536 912 4580 suorum
953 4515 1185 4597 reditu,
1227 4516 1491 4583 consilio
1531 4517 2168 4602 archiepiscoporum,
2209 4515 2448 4601 episco-

637 4645 744 4681 ⁶11..
767 4645 883 4683 rol..
904 4645 1020 4682 vol..
1046 4645 1105 4682 11.
1471 4641 1515 4683 N
