3200 5392
725 767 856 832 286
1368 784 1661 831 numum
1697 785 1754 828 11
1790 785 1987 828 nom

725 921 938 986 neque
987 899 1486 985 exequutionem
1535 897 1806 964 excitavi
1849 899 1952 963 vel
1999 898 2281 984 implevi.
2372 899 2454 966 In
2505 923 2632 986 quo

723 1005 943 1089 itaque
983 1005 1122 1069 loco
1161 1003 1421 1088 utrique
1458 1009 1778 1081 nostrum,
1809 1002 2014 1068 donec
2052 1003 2394 1069 convenire
2432 1005 2631 1089 possi-

725 1132 893 1189 mus,
925 1109 1318 1195 significetis.
1386 1107 1659 1173 Confido
1688 1114 1909 1171 autem
1937 1107 2018 1171 de
2048 1108 2379 1173 fidelitatis
2407 1117 2635 1174 vestrm

725 1214 1101 1297 integritate
1145 1219 1212 1277 et
1254 1211 1638 1289 constantia,
1670 1209 1843 1294 quod
1888 1231 2098 1275 causoe
2141 1211 2338 1297 hujus
2378 1212 2633 1277 veritati

724 1316 1007 1382 favorem
1034 1314 1448 1380 inclinabitis.
1509 1314 1796 1398 Ideoque
1824 1314 2235 1379 affectuosius
2265 1316 2525 1400 accipio,
2557 1324 2633 1380 ut

725 1429 938 1486 vestra
975 1419 1272 1484 discretio
1315 1417 1689 1502 diligentius
1729 1438 1942 1482 meam
1986 1417 2155 1483 circa
2190 1418 2313 1483 hoc
2342 1420 2635 1484 volunta-

725 1532 863 1590 tem
892 1530 958 1588 et
997 1522 1369 1606 aequitatem
1410 1520 1727 1585 attendat.
1816 1522 2138 1586 Praeterea
2174 1521 2258 1585 ad
2286 1541 2395 1586 vos
2425 1521 2634 1604 dirigo

726 1648 940 1692 meam
969 1624 1499 1711 conquestionem
1529 1644 1721 1708 super
1746 1624 1890 1703 hoc,
1922 1625 2093 1709 quod
2123 1624 2418 1688 dominus
2446 1643 2635 1689 meus

727 1749 841 1795 rex
884 1728 1171 1793 Franciae
1211 1747 1421 1811 nuper
1469 1747 1729 1810 aequum
1774 1727 2108 1806 excedens,
2151 1727 2313 1791 mihi
2354 1726 2427 1791 in
2470 1727 2636 1791 meis

728 1834 883 1899 fecit
910 1833 1236 1919 injuriam.
1288 1832 1527 1897 Vestra
1552 1851 1835 1916 namque
1856 1832 2264 1912 mediatione,
2288 1839 2355 1897 et
2383 1832 2636 1898 comitis

728 1936 1081 2002 Theobaldi
1113 1936 1330 2002 fratris
1359 1937 1573 2016 vestri,
1604 1936 1975 2021 posthabito
2017 1958 2310 2002 meorum
2350 1936 2635 2016 consilio,

730 2061 922 2125 super
941 2040 1064 2105 hoc
1087 2039 1261 2124 quod
1287 2039 1781 2124 praedecessores
1807 2039 1936 2104 mei
1964 2061 2301 2124 nunquam
2321 2040 2635 2118 fecerunt,

728 2166 846 2229 pro
873 2144 1046 2209 bono
1073 2144 1248 2229 pacis
1276 2164 1382 2207 me
1411 2150 1627 2208 totum
1656 2164 1864 2227 nuper
1893 2143 2151 2227 exposui
2179 2144 2499 2208 voluntati
2528 2144 2637 2209 do-

731 2248 892 2311 mini
919 2248 1088 2332 regis
1120 2246 1406 2311 Francise
1433 2254 1646 2311 vestro
1682 2247 2090 2330 acquiescens
2128 2247 2413 2312 consilio.
2504 2248 2637 2312 Vos

731 2358 950 2414 autem
995 2372 1129 2416 non
1172 2349 1362 2415 credo
1406 2350 1626 2428 latere,
1658 2349 1978 2433 quomodo
2019 2350 2181 2413 mihi
2224 2371 2433 2433 nuper
2470 2351 2638 2434 inju-

730 2453 933 2516 riatus
963 2459 1081 2516 est.
1170 2451 1373 2516 Vobis
1404 2458 1623 2516 autem
1663 2472 2036 2535 conqueror,
2067 2459 2145 2516 ut
2174 2454 2346 2537 quod
2379 2453 2452 2516 in
2481 2474 2637 2536 prae-

725 2553 1044 2641 judicium
1077 2554 1251 2637 pacis
1293 2555 1466 2618 inter
1504 2577 1625 2619 nos
1669 2562 1932 2619 statutae
1976 2555 2400 2639 praesumpsit,
2430 2563 2639 2620 trans-

734 2656 974 2741 gressio
1002 2656 1181 2721 vobis
1212 2656 1563 2740 displiceat,
1589 2666 1656 2722 et
1686 2679 1837 2722 eum
1865 2658 1948 2722 ad
1978 2659 2481 2724 satisfactionem
2502 2660 2639 2745 jus-

731 2767 868 2825 tam
898 2759 1215 2825 deducere
1243 2760 1571 2844 satagatis,
1604 2782 1733 2845 quo
1762 2767 2023 2826 auctore
2049 2762 2189 2845 ipsa
2215 2761 2387 2827 facta
2415 2769 2533 2827 est.

868 3139 1313 3205 EPISTOLA
1357 3139 2387 3206 CCCCLXXXVII.—musnmx
2416 3161 2510 3204 AD

1536 3263 1841 3307 EUNDEM.

854 3410 1167 3474 Henricus
1192 3429 1309 3473 rea·
1336 3409 1588 3492 Anyliae
1627 3410 1929 3473 Willelmo
1962 3409 2298 3474 Senonensi
2327 3411 2530 3474 archi-

1537 3534 1838 3597 epzscop0.

822 3679 1229 3744 Vnmnnrss
1281 3680 1365 3744 ad
1414 3699 1519 3746 me
1569 3681 1795 3747 nuncii
1840 3682 2087 3748 domini
2130 3701 2311 3766 papae
2358 3699 2477 3764 pro
2527 3699 2642 3744 ne-

734 3783 932 3868 gotio,
993 3782 1166 3867 quod
1222 3784 1395 3848 inter
1453 3803 1558 3849 me
1615 3793 1685 3849 et
1753 3785 2298 3871 archiepiscopum
2358 3784 2644 3848 Cantua-

734 3886 1015 3949 riensem
1065 3885 1358 3965 vertitur,
1406 3883 1560 3952 licet
1612 3909 1835 3971 aspera
1880 3897 1948 3955 et
1998 3890 2178 3954 omni
2228 3888 2460 3954 honori
2504 3907 2650 3953 meo

737 3994 1071 4074 portarent
1115 3989 1455 4070 contraria,
1496 4010 1615 4076 pro
1661 3991 1908 4057 domini
1947 4011 2131 4077 papae
2172 3992 2552 4071 reverentia,
2584 3998 2651 4056 et

732 4099 978 4159 sanctae
1010 4094 1322 4159 Romanae
1350 4096 1632 4160 ecclesiae
1662 4095 1882 4161 debita
1911 4085 2270 4175 devotione,
2300 4095 2652 4161 honorifice

738 4195 1005 4281 suscepi,
1037 4203 1105 4261 et
1134 4217 1266 4282 qua
1301 4197 1519 4262 decuit
1557 4197 1964 4281 benignitate
2004 4198 2239 4279 audivi,
2269 4197 2655 4262 mandatum

736 4299 987 4364 domini
1014 4315 1198 4384 papae
1222 4299 1513 4364 modeste
1543 4295 1895 4364 admodum
1923 4297 2297 4379 admittens,
2330 4299 2505 4385 quod
2527 4297 2654 4382 ipsi

741 4401 1136 4482 deferebant,
1168 4403 1319 4468 licet
1340 4421 1454 4467 me
1480 4401 1552 4466 in
1581 4402 1743 4467 meis
1773 4412 2109 4487 gravatum
2135 4403 2469 4482 sentirem,
2496 4419 2654 4486 quos
