3200 5392
588 912 733 959 ,A.n.
772 894 1164 975 1161-89.]
1265 913 1597 957 nmsroLAE
1631 915 1954 964 QUAEDAM.
2373 897 2492 958 101

595 1032 917 1094 sententia
957 1038 1293 1115 propterea
1337 1030 1708 1109 differenda,
1743 1032 1797 1094 si
1838 1032 1910 1095 in
1953 1031 2154 1095 literis
2199 1035 2493 1097 commis-

595 1133 789 1197 sionis
830 1134 1270 1217 appellationis
1310 1134 1713 1198 obstaculum
1759 1134 2146 1199 inhibeatur.
2239 1136 2339 1199 De
2384 1158 2493 1218 ap-

592 1234 1042 1316 pellationibus
1100 1257 1271 1308 vero,
1306 1258 1448 1320 quae
1520 1258 1637 1320 pro
1696 1239 1902 1301 causis
1961 1238 2245 1301 minimis
2304 1238 2493 1317 fiunt,

593 1344 772 1399 tuam
804 1338 1096 1401 volumus
1120 1338 1559 1421 ‚cognitionem
1588 1345 1829 1416 tenere,
1864 1337 2034 1420 quod
2073 1338 2163 1401 eis
2193 1358 2308 1419 pro
2341 1359 2494 1420 qua-

591 1438 912 1522 licumque
952 1448 1017 1504 et
1059 1448 1575 1523 quantacumque
1616 1441 1736 1503 levi
1779 1461 1971 1503 causa
2007 1441 2188 1517 fiant,
2221 1461 2355 1502 non
2396 1446 2493 1503 est

591 1541 825 1620 minus,
860 1563 1052 1624 quam
1091 1543 1216 1604 illis
1260 1564 1416 1624 quas
1455 1563 1570 1624 pro
1610 1542 1959 1626 majoribus
2000 1542 2319 1623 contingit
2355 1542 2494 1604 fieri

591 1644 885 1726 negotiis,
933 1643 1371 1707 deferendum.
1463 1645 1711 1707 Verum
1763 1644 1815 1706 si
1866 1644 2259 1727 appellantes
2308 1664 2490 1705 suam

591 1747 1094 1829 contempserint
1141 1746 1434 1829 prosequi
1483 1745 1996 1829 appellationem,
2041 1753 2119 1808 tu
2161 1746 2330 1828 ipsos
2376 1752 2490 1809 aut

591 1848 1082 1931 appellationem
1123 1849 1438 1933 prosequi,
1472 1848 1573 1911 vel
1616 1855 1732 1912 tuo
1770 1848 2016 1931 judicio
2056 1854 2242 1925 stare,
2277 1848 2489 1930 appel-

587 1950 828 2014 latione
859 1949 1130 2028 sublata,
1164 1949 1449 2014 districte
1479 1951 1839 2033 compellas
1935 1950 2006 2012 Si
2049 1950 2276 2032 aliquis
2306 1970 2487 2031 paro-

590 2052 964 2115 chianorum
1008 2059 1268 2115 tuorum
1312 2058 1608 2129 matrem,
1655 2073 1953 2129 sororem,
1985 2053 2086 2115 vel
2128 2052 2328 2114 filiam
2372 2074 2488 2114 ux-

592 2154 720 2216 oris
751 2175 885 2216 suae
913 2153 1253 2215 carnaliter
1279 2152 1446 2216 forte
1476 2154 1864 2234 cognoverit,
1898 2161 1962 2216 et
2000 2155 2122 2216 hoc
2158 2153 2490 2235 publicum

593 2255 896 2332 extiterit,
947 2261 1044 2318 est
1093 2254 1172 2317 ab
1227 2275 1303 2317 ea
1348 2256 1603 2336 penitus
1652 2255 2060 2336 separandus,
2109 2261 2174 2318 et
2220 2262 2492 2337 uterque

592 2358 868 2435 illorum,
919 2357 1158 2420 scilicet
1210 2364 1346 2420 tam
1397 2357 1687 2421 moechus
1737 2378 1930 2438 quam
1979 2358 2249 2435 moecha,
2302 2356 2493 2421 debet

591 2459 727 2523 sine
759 2480 869 2541 spe
901 2459 1183 2543 conjugii
1221 2467 1531 2542 perpetuo
1560 2479 1954 2542 permanere.
2050 2460 2119 2521 Si
2165 2466 2381 2522 autem
2424 2459 2492 2522 id

592 2562 913 2625 occultum
946 2561 1140 2625 fuerit
1185 2568 1251 2624 et
1297 2567 1634 2639 secretum,
1676 2561 2128 2643 poenitentiam
2174 2561 2364 2625 debet
2411 2560 2490 2625 de

591 2665 929 2728 commisso
960 2664 1258 2747 accipere,
1292 2671 1357 2727 et
1387 2663 1569 2726 uxori
1611 2684 1744 2725 suae
1782 2662 1951 2725 infra
1989 2669 2245 2744 tempus
2284 2663 2489 2743 poeni-

590 2767 813 2830 tentiae
842 2767 942 2829 vel
971 2774 1169 2843 extra,
1203 2765 1494 2829 debitum
1539 2766 1592 2829 si
1639 2766 1921 2847 exegerit
1968 2766 2225 2829 solvere.
2320 2766 2490 2829 Sane

592 2868 646 2931 si
691 2869 967 2951 aliquam
1009 2871 1222 2933 uxoris
1269 2892 1398 2934 suae
1444 2872 2009 2953 consanguineam,
2045 2892 2187 2953 quae
2214 2871 2392 2934 illam
2420 2870 2492 2933 in

589 2972 783 3035 tertio
813 2973 912 3035 vel
942 2973 1066 3037 alio
1097 2972 1398 3056 deinceps
1429 2974 1635 3056 gradu
1664 2974 1996 3058 contingat
2038 2974 2279 3038 carnali
2319 2995 2490 3038 com-

593 3075 899 3138 mixtione
929 3077 1313 3158 cognoverit,
1351 3098 1485 3140 non
1525 3090 1622 3139 est
1660 3077 1831 3140 inter
1874 3098 1981 3140 eos
2020 3085 2357 3159 propterea
2396 3077 2491 3140 di-

592 3178 867 3240 vortium
928 3178 1401 3256 celebrandum,
1473 3180 1586 3242 sed
1660 3178 2062 3261 delinquenti
2136 3179 2489 3244 secundum

594 3280 971 3360 qualitatem
1000 3299 1285 3360 personae
1316 3287 1382 3343 et
1412 3281 1697 3341 criminis
1727 3288 1824 3343 est
1862 3282 2247 3362 poenitentia
2273 3282 2490 3364 injun-

594 3381 823 3464 genda.
917 3381 1257 3458 Caeterum,
1298 3382 1352 3443 si
1396 3380 1696 3444 abbatem
1740 3389 1872 3444 tuae
1912 3382 2198 3445 dioecesis
2243 3383 2492 3446 donati-

593 3504 784 3547 onem
815 3504 962 3547 cum
993 3483 1202 3565 priore
1232 3488 1300 3546 et
1332 3481 1713 3565 quibusdam
1752 3482 1832 3544 de
1870 3490 2191 3546 conventu
2228 3504 2363 3560 suo,
2394 3485 2494 3547 vel

593 3586 800 3649 solum
846 3583 1142 3648 abbatem
1184 3584 1392 3650 facere
1436 3583 1799 3666 contigerit,
1843 3591 1909 3647 et
1953 3605 2099 3666 pars
2142 3591 2494 3648 conventus

592 3693 815 3769 postea
885 3686 1340 3764 reclamaverit,
1406 3686 1575 3750 datae
1631 3686 1726 3749 rei
1788 3686 2135 3768 quantitas,
2197 3694 2262 3751 et
2321 3688 2492 3751 illius

592 3798 781 3853 terrae
810 3789 1226 3863 consuetudo,
1261 3811 1402 3871 quae
1433 3795 1654 3851 tamen
1684 3789 1877 3853 sacris
1907 3788 2259 3853 canonibus
2289 3791 2494 3853 mani-

590 3892 753 3955 feste
782 3913 916 3955 non
945 3890 1179 3969 obviet,
1204 3898 1301 3953 est
1333 3889 1706 3973 diligentius
1737 3890 2151 3970 attendenda,
2172 3898 2238 3954 et
2269 3913 2493 3955 secun-

596 3994 752 4056 dum
795 3993 917 4057 hoc
962 4001 1059 4057 est
1100 3993 1340 4058 donum
1381 3993 1481 4056 vel
1518 4000 1735 4056 ratum
1775 3995 1874 4057 vel
1912 3994 2168 4056 irritum
2200 3995 2492 4077 judican-

599 4094 773 4157 dum.
862 4095 1107 4158 Verum
1159 4116 1358 4177 quum
1406 4095 1596 4159 alicui
1649 4095 1928 4158 ecclesiae
1972 4095 2283 4177 possessio
2326 4117 2495 4178 quae-

596 4194 754 4257 libet
801 4194 1180 4278 interposita
1236 4196 1603 4276 conditione
1664 4196 1960 4273 donatur,
2014 4217 2148 4259 non
2194 4204 2406 4278 potest
2458 4218 2496 4257 a

600 4295 909 4360 donatore
956 4297 1197 4361 donum
1246 4306 1469 4381 postea
1513 4298 1815 4376 revocari,
1868 4299 1993 4361 nisi
2039 4299 2205 4362 forte
2251 4298 2367 4359 tali
2416 4297 2497 4360 sit

598 4397 967 4463 conditione
997 4400 1245 4479 collata,
1278 4401 1448 4483 quod
1493 4423 1569 4465 ea
1612 4408 1920 4477 cessante,
1968 4400 2276 4483 possessio
2320 4418 2497 4462 revo-

600 4500 729 4564 cari
774 4498 1054 4563 deberet.
1149 4500 1399 4584 Scripta
1437 4522 1584 4565 vero
1627 4501 2016 4577 authentica,
2060 4499 2112 4561 si
2156 4506 2353 4561 testes
2400 4499 2497 4562 in-
