<?xml version="1.0" encoding="UTF-8"?>
<!DOCTYPE html PUBLIC "-//W3C//DTD XHTML 1.0 Transitional//EN"
    "http://www.w3.org/TR/xhtml1/DTD/xhtml1-transitional.dtd">
<html xmlns="http://www.w3.org/1999/xhtml" xml:lang="en" lang="en">
 <head>
  <title>
</title>
<meta http-equiv="Content-Type" content="text/html;charset=utf-8" />
  <meta name='ocr-system' content='tesseract 3.04.00' />
  <meta name='ocr-capabilities' content='ocr_page ocr_carea ocr_par ocr_line ocrx_word'/>
</head>
<body>
  <div class='ocr_page' id='page_1' title='image "./gilbertiexabbat01gilegoog_0231.png"; bbox 0 0 3200 5392; ppageno 0'>
   <div class='ocr_carea' id='block_1_1' title="bbox 628 807 2532 890">
    <p class='ocr_par' dir='ltr' id='par_1_1' title="bbox 628 807 2532 890">
     <span class='ocr_line' id='line_1_1' title="bbox 628 807 2532 890; baseline 0.003 -24"><span class='ocrx_word' id='word_1_1' title='bbox 628 823 763 870; x_wconf 74' lang='lat' dir='ltr'><strong>A.n.</strong></span> <span class='ocrx_word' id='word_1_2' title='bbox 803 807 1196 890; x_wconf 85' lang='lat'><strong>1161—89.]</strong></span> <span class='ocrx_word' id='word_1_3' title='bbox 1296 826 1627 871; x_wconf 64' lang='lat' dir='ltr'><strong>musmonAE</strong></span> <span class='ocrx_word' id='word_1_4' title='bbox 1659 828 1984 878; x_wconf 79' lang='lat' dir='ltr'><strong>QUAEDAM.</strong></span> <span class='ocrx_word' id='word_1_5' title='bbox 2407 811 2532 873; x_wconf 80' lang='lat'><strong>215</strong></span> 
     </span>
    </p>
   </div>
   <div class='ocr_carea' id='block_1_2' title="bbox 622 943 2534 1418">
    <p class='ocr_par' dir='ltr' id='par_1_2' title="bbox 622 943 2534 1418">
     <span class='ocr_line' id='line_1_2' title="bbox 627 943 2534 1027; baseline 0.003 -23"><span class='ocrx_word' id='word_1_6' title='bbox 627 962 847 1024; x_wconf 85' lang='lat' dir='ltr'><strong>regem</strong></span> <span class='ocrx_word' id='word_1_7' title='bbox 905 943 1266 1026; x_wconf 87' lang='lat' dir='ltr'><strong>Anglorum</strong></span> <span class='ocrx_word' id='word_1_8' title='bbox 1316 945 1679 1027; x_wconf 78' lang='lat' dir='ltr'><strong>apostolicae</strong></span> <span class='ocrx_word' id='word_1_9' title='bbox 1721 944 1962 1009; x_wconf 86' lang='lat' dir='ltr'><strong>viscera</strong></span> <span class='ocrx_word' id='word_1_10' title='bbox 2006 946 2307 1023; x_wconf 86' lang='lat' dir='ltr'><strong>caritatis,</strong></span> <span class='ocrx_word' id='word_1_11' title='bbox 2354 952 2429 1010; x_wconf 88' lang='lat' dir='ltr'><strong>ut</strong></span> <span class='ocrx_word' id='word_1_12' title='bbox 2474 947 2534 1009; x_wconf 93' lang='lat' dir='ltr'><strong>ei</strong></span> 
     </span>
     <span class='ocr_line' id='line_1_3' title="bbox 627 1045 2534 1131; baseline 0.003 -25"><span class='ocrx_word' id='word_1_13' title='bbox 627 1045 1011 1126; x_wconf 79' lang='lat' dir='ltr'><strong>respondeat</strong></span> <span class='ocrx_word' id='word_1_14' title='bbox 1040 1067 1231 1110; x_wconf 91' lang='lat' dir='ltr'><strong>mane</strong></span> <span class='ocrx_word' id='word_1_15' title='bbox 1266 1046 1525 1129; x_wconf 86' lang='lat' dir='ltr'><strong>justitia</strong></span> <span class='ocrx_word' id='word_1_16' title='bbox 1554 1069 1685 1124; x_wconf 88' lang='lat' dir='ltr'><strong>sua,</strong></span> <span class='ocrx_word' id='word_1_17' title='bbox 1718 1048 2104 1130; x_wconf 87' lang='lat' dir='ltr'><strong>humilisque</strong></span> <span class='ocrx_word' id='word_1_18' title='bbox 2135 1055 2200 1112; x_wconf 89' lang='lat' dir='ltr'><strong>et</strong></span> <span class='ocrx_word' id='word_1_19' title='bbox 2236 1055 2534 1131; x_wconf 89' lang='lat' dir='ltr'><strong>prompta</strong></span> 
     </span>
     <span class='ocr_line' id='line_1_4' title="bbox 626 1145 2531 1233; baseline 0.003 -25"><span class='ocrx_word' id='word_1_20' title='bbox 626 1145 895 1225; x_wconf 89' lang='lat' dir='ltr'><strong>devotio,</strong></span> <span class='ocrx_word' id='word_1_21' title='bbox 950 1169 1143 1231; x_wconf 92' lang='lat' dir='ltr'><strong>quam</strong></span> <span class='ocrx_word' id='word_1_22' title='bbox 1190 1147 1369 1212; x_wconf 87' lang='lat' dir='ltr'><strong>vobis</strong></span> <span class='ocrx_word' id='word_1_23' title='bbox 1421 1157 1487 1213; x_wconf 87' lang='lat' dir='ltr'><strong>et</strong></span> <span class='ocrx_word' id='word_1_24' title='bbox 1538 1150 1820 1213; x_wconf 89' lang='lat' dir='ltr'><strong>ecclesiae</strong></span> <span class='ocrx_word' id='word_1_25' title='bbox 1871 1152 2183 1214; x_wconf 86' lang='lat' dir='ltr'><strong>Romanae</strong></span> <span class='ocrx_word' id='word_1_26' title='bbox 2242 1157 2531 1233; x_wconf 90' lang='lat' dir='ltr'><strong>tempore</strong></span> 
     </span>
     <span class='ocr_line' id='line_1_5' title="bbox 622 1250 2529 1336; baseline 0.002 -24"><span class='ocrx_word' id='word_1_27' title='bbox 622 1257 984 1331; x_wconf 90' lang='lat' dir='ltr'><strong>opportuno</strong></span> <span class='ocrx_word' id='word_1_28' title='bbox 1045 1250 1356 1329; x_wconf 83' lang='lat' dir='ltr'><strong>exhibuit,</strong></span> <span class='ocrx_word' id='word_1_29' title='bbox 1410 1258 1486 1314; x_wconf 90' lang='lat' dir='ltr'><strong>ut</strong></span> <span class='ocrx_word' id='word_1_30' title='bbox 1547 1252 1616 1315; x_wconf 91' lang='lat' dir='ltr'><strong>in</strong></span> <span class='ocrx_word' id='word_1_31' title='bbox 1671 1252 1887 1316; x_wconf 88' lang='lat' dir='ltr'><strong>sinum</strong></span> <span class='ocrx_word' id='word_1_32' title='bbox 1941 1275 2131 1315; x_wconf 89' lang='lat' dir='ltr'><strong>suum</strong></span> <span class='ocrx_word' id='word_1_33' title='bbox 2185 1253 2529 1336; x_wconf 85' lang='lat' dir='ltr'><strong>apostolico</strong></span> 
     </span>
     <span class='ocr_line' id='line_1_6' title="bbox 623 1350 1514 1418; baseline 0.003 -5"><span class='ocrx_word' id='word_1_34' title='bbox 623 1350 1056 1416; x_wconf 82' lang='lat' dir='ltr'>moderamine</span> <span class='ocrx_word' id='word_1_35' title='bbox 1086 1359 1514 1418; x_wconf 84' lang='lat' dir='ltr'><strong>convertatur.</strong></span> 
     </span>
    </p>
   </div>
   <div class='ocr_carea' id='block_1_3' title="bbox 656 1638 2478 1859">
    <p class='ocr_par' dir='ltr' id='par_1_3' title="bbox 656 1638 2478 1859">
     <span class='ocr_line' id='line_1_7' title="bbox 656 1638 2478 1757; baseline 0.002 -22"><span class='ocrx_word' id='word_1_36' title='bbox 656 1672 1099 1737; x_wconf 85' lang='lat' dir='ltr'>EPISTOLA</span> <span class='ocrx_word' id='word_1_37' title='bbox 1145 1638 1999 1745; x_wconf 74' lang='lat' dir='ltr'><strong>CCCCXLIX.—aonnar1</strong></span> <span class='ocrx_word' id='word_1_38' title='bbox 2045 1674 2478 1757; x_wconf 71' lang='lat' dir='ltr'><strong>[oonmNsm</strong></span> 
     </span>
     <span class='ocr_line' id='line_1_8' title="bbox 777 1776 2368 1859; baseline 0 -21"><span class='ocrx_word' id='word_1_39' title='bbox 777 1796 1064 1839; x_wconf 73' lang='lat' dir='ltr'><strong>Ancum.</strong></span> <span class='ocrx_word' id='word_1_40' title='bbox 1100 1776 1377 1859; x_wconf 74' lang='lat' dir='ltr'><strong>rosrnA]</strong></span> <span class='ocrx_word' id='word_1_41' title='bbox 1421 1796 2007 1840; x_wconf 68' lang='lat' dir='ltr'><strong>nnanroanmnsis</strong></span> <span class='ocrx_word' id='word_1_42' title='bbox 2041 1798 2368 1841; x_wconf 71' lang='lat' dir='ltr'><strong>Erlscom.</strong></span> 
     </span>
    </p>
   </div>
   <div class='ocr_carea' id='block_1_4' title="bbox 683 1925 2449 2110">
    <p class='ocr_par' dir='ltr' id='par_1_4' title="bbox 683 1925 2449 2110">
     <span class='ocr_line' id='line_1_9' title="bbox 683 1925 2449 2010; baseline 0.003 -24"><span class='ocrx_word' id='word_1_43' title='bbox 683 1925 763 1987; x_wconf 82' lang='lat' dir='ltr'><strong>R.</strong></span> <span class='ocrx_word' id='word_1_44' title='bbox 796 1925 1293 1987; x_wconf 72' lang='lat' dir='ltr'><strong>Archidiaconus</strong></span> <span class='ocrx_word' id='word_1_45' title='bbox 1329 1925 1857 2005; x_wconf 66' lang='lat' dir='ltr'><strong>oxeneforden-32⁸3,</strong></span> <span class='ocrx_word' id='word_1_46' title='bbox 1880 1933 2103 2007; x_wconf 75' lang='lat' dir='ltr'><strong>postea</strong></span> <span class='ocrx_word' id='word_1_47' title='bbox 2133 1929 2449 2010; x_wconf 72' lang='lat' dir='ltr'><strong>episcopus</strong></span> 
     </span>
     <span class='ocr_line' id='line_1_10' title="bbox 777 2026 2341 2110; baseline 0.002 -20"><span class='ocrx_word' id='word_1_48' title='bbox 777 2027 1256 2107; x_wconf 70' lang='lat' dir='ltr'><strong>Herqfordensis</strong></span> <span class='ocrx_word' id='word_1_49' title='bbox 1292 2026 1568 2090; x_wconf 81' lang='lat' dir='ltr'><strong>Gilberto</strong></span> <span class='ocrx_word' id='word_1_50' title='bbox 1598 2029 2013 2092; x_wconf 72' lang='lat' dir='ltr'><strong>Londoniensi</strong></span> <span class='ocrx_word' id='word_1_51' title='bbox 2044 2031 2341 2110; x_wconf 66' lang='lat' dir='ltr'><strong>episcopa</strong></span> 
     </span>
    </p>
   </div>
   <div class='ocr_carea' id='block_1_5' title="bbox 574 2175 2518 4522">
    <p class='ocr_par' dir='ltr' id='par_1_5' title="bbox 574 2175 2518 4522">
     <span class='ocr_line' id='line_1_11' title="bbox 696 2175 2518 2259; baseline 0.001 -19"><span class='ocrx_word' id='word_1_52' title='bbox 696 2176 857 2240; x_wconf 66' lang='lat' dir='ltr'><strong>Non</strong></span> <span class='ocrx_word' id='word_1_53' title='bbox 916 2182 1128 2259; x_wconf 90' lang='lat' dir='ltr'><strong>potest</strong></span> <span class='ocrx_word' id='word_1_54' title='bbox 1188 2175 1348 2239; x_wconf 90' lang='lat' dir='ltr'><strong>mihi</strong></span> <span class='ocrx_word' id='word_1_55' title='bbox 1409 2177 1799 2259; x_wconf 78' lang='lat' dir='ltr'><strong>tranquillus</strong></span> <span class='ocrx_word' id='word_1_56' title='bbox 1851 2199 1987 2241; x_wconf 85' lang='lat' dir='ltr'><strong>esse</strong></span> <span class='ocrx_word' id='word_1_57' title='bbox 2041 2179 2240 2242; x_wconf 88' lang='lat' dir='ltr'><strong>animi</strong></span> <span class='ocrx_word' id='word_1_58' title='bbox 2287 2186 2518 2257; x_wconf 87' lang='lat' dir='ltr'><strong>status,</strong></span> 
     </span>
     <span class='ocr_line' id='line_1_12' title="bbox 606 2278 2512 2364; baseline -0.001 -20"><span class='ocrx_word' id='word_1_59' title='bbox 606 2301 754 2344; x_wconf 89' lang='lat' dir='ltr'><strong>cum</strong></span> <span class='ocrx_word' id='word_1_60' title='bbox 775 2288 1003 2344; x_wconf 83' lang='lat' dir='ltr'><strong>vestrae</strong></span> <span class='ocrx_word' id='word_1_61' title='bbox 1033 2278 1520 2361; x_wconf 78' lang='lat' dir='ltr'><strong>tranquillitatis</strong></span> <span class='ocrx_word' id='word_1_62' title='bbox 1549 2281 2103 2362; x_wconf 77' lang='lat' dir='ltr'><strong>perturbationem</strong></span> <span class='ocrx_word' id='word_1_63' title='bbox 2126 2281 2271 2364; x_wconf 84' lang='lat' dir='ltr'><strong>jugi</strong></span> <span class='ocrx_word' id='word_1_64' title='bbox 2288 2306 2293 2311; x_wconf 70' lang='grc'><strong><em>’</em></strong></span> <span class='ocrx_word' id='word_1_65' title='bbox 2312 2281 2512 2344; x_wconf 90' lang='lat' dir='ltr'><strong>medi-</strong></span> 
     </span>
     <span class='ocr_line' id='line_1_13' title="bbox 601 2382 2509 2464; baseline 0 -17"><span class='ocrx_word' id='word_1_66' title='bbox 601 2384 848 2448; x_wconf 83' lang='lat' dir='ltr'><strong>tatione</strong></span> <span class='ocrx_word' id='word_1_67' title='bbox 893 2382 1287 2447; x_wconf 88' lang='lat' dir='ltr'><strong>reminiscor.</strong></span> <span class='ocrx_word' id='word_1_68' title='bbox 1377 2383 1828 2464; x_wconf 84' lang='lat' dir='ltr'><strong>Veruntamen</strong></span> <span class='ocrx_word' id='word_1_69' title='bbox 1877 2406 2010 2447; x_wconf 89' lang='lat' dir='ltr'><strong>non</strong></span> <span class='ocrx_word' id='word_1_70' title='bbox 2063 2383 2388 2447; x_wconf 90' lang='lat' dir='ltr'><strong>modicum</strong></span> <span class='ocrx_word' id='word_1_71' title='bbox 2412 2409 2417 2415; x_wconf 96' lang='lat'>·</span> <span class='ocrx_word' id='word_1_72' title='bbox 2439 2384 2509 2447; x_wconf 92' lang='lat' dir='ltr'><strong>in</strong></span> 
     </span>
     <span class='ocr_line' id='line_1_14' title="bbox 600 2484 2506 2569; baseline 0.001 -20"><span class='ocrx_word' id='word_1_73' title='bbox 600 2487 720 2550; x_wconf 89' lang='lat' dir='ltr'><strong>hoc</strong></span> <span class='ocrx_word' id='word_1_74' title='bbox 764 2485 1215 2551; x_wconf 83' lang='lat' dir='ltr'><strong>consolationis</strong></span> <span class='ocrx_word' id='word_1_75' title='bbox 1260 2484 1520 2568; x_wconf 89' lang='lat' dir='ltr'><strong>accipio,</strong></span> <span class='ocrx_word' id='word_1_76' title='bbox 1561 2486 1734 2569; x_wconf 92' lang='lat' dir='ltr'><strong>quod</strong></span> <span class='ocrx_word' id='word_1_77' title='bbox 1780 2487 1994 2551; x_wconf 90' lang='lat' dir='ltr'><strong>animo</strong></span> <span class='ocrx_word' id='word_1_78' title='bbox 2022 2509 2182 2551; x_wconf 85' lang='lat' dir='ltr'><strong>meo</strong></span> <span class='ocrx_word' id='word_1_79' title='bbox 2223 2486 2506 2551; x_wconf 84' lang='lat' dir='ltr'><strong>studiose</strong></span> 
     </span>
     <span class='ocr_line' id='line_1_15' title="bbox 596 2587 2505 2673; baseline 0 -20"><span class='ocrx_word' id='word_1_80' title='bbox 596 2589 1027 2673; x_wconf 88' lang='lat' dir='ltr'><strong>perscrutanti</strong></span> <span class='ocrx_word' id='word_1_81' title='bbox 1055 2609 1191 2652; x_wconf 91' lang='lat' dir='ltr'><strong>non</strong></span> <span class='ocrx_word' id='word_1_82' title='bbox 1222 2587 1499 2652; x_wconf 88' lang='lat' dir='ltr'><strong>occurrit</strong></span> <span class='ocrx_word' id='word_1_83' title='bbox 1524 2589 1944 2673; x_wconf 71' lang='lat' dir='ltr'><strong>praecedentis</strong></span> <span class='ocrx_word' id='word_1_84' title='bbox 1983 2589 2053 2651; x_wconf 90' lang='lat' dir='ltr'><strong>in</strong></span> <span class='ocrx_word' id='word_1_85' title='bbox 2084 2589 2260 2652; x_wconf 88' lang='lat' dir='ltr'><strong>vobis</strong></span> <span class='ocrx_word' id='word_1_86' title='bbox 2300 2588 2505 2672; x_wconf 85' lang='lat' dir='ltr'><strong>culpae</strong></span> 
     </span>
     <span class='ocr_line' id='line_1_16' title="bbox 597 2689 2502 2774; baseline 0 -20"><span class='ocrx_word' id='word_1_87' title='bbox 597 2692 900 2755; x_wconf 88' lang='lat' dir='ltr'><strong>meritum</strong></span> <span class='ocrx_word' id='word_1_88' title='bbox 934 2690 1115 2774; x_wconf 89' lang='lat' dir='ltr'><strong>quod·</strong></span> <span class='ocrx_word' id='word_1_89' title='bbox 1133 2689 1466 2773; x_wconf 87' lang='lat' dir='ltr'><strong>praesentis</strong></span> <span class='ocrx_word' id='word_1_90' title='bbox 1498 2710 1760 2774; x_wconf 85' lang='lat' dir='ltr'><strong>causam</strong></span> <span class='ocrx_word' id='word_1_91' title='bbox 1790 2691 2226 2772; x_wconf 82' lang='lat' dir='ltr'><strong>tribulationis</strong></span> <span class='ocrx_word' id='word_1_92' title='bbox 2270 2691 2502 2755; x_wconf 86' lang='lat' dir='ltr'><strong>indux-</strong></span> 
     </span>
     <span class='ocr_line' id='line_1_17' title="bbox 594 2792 2500 2877; baseline 0 -19"><span class='ocrx_word' id='word_1_93' title='bbox 594 2795 735 2858; x_wconf 88' lang='lat' dir='ltr'><strong>erit.</strong></span> <span class='ocrx_word' id='word_1_94' title='bbox 829 2793 1022 2858; x_wconf 79' lang='lat' dir='ltr'><strong>Quod</strong></span> <span class='ocrx_word' id='word_1_95' title='bbox 1066 2792 1121 2856; x_wconf 89' lang='lat' dir='ltr'><strong>si</strong></span> <span class='ocrx_word' id='word_1_96' title='bbox 1162 2793 1258 2856; x_wconf 92' lang='lat' dir='ltr'><strong>ita</strong></span> <span class='ocrx_word' id='word_1_97' title='bbox 1301 2799 1423 2871; x_wconf 89' lang='lat' dir='ltr'><strong>est,</strong></span> <span class='ocrx_word' id='word_1_98' title='bbox 1451 2799 1638 2858; x_wconf 89' lang='lat' dir='ltr'><strong>tanto</strong></span> <span class='ocrx_word' id='word_1_99' title='bbox 1677 2795 1949 2877; x_wconf 89' lang='lat' dir='ltr'><strong>amplius</strong></span> <span class='ocrx_word' id='word_1_100' title='bbox 1990 2794 2181 2858; x_wconf 90' lang='lat' dir='ltr'><strong>debet</strong></span> <span class='ocrx_word' id='word_1_101' title='bbox 2225 2795 2294 2856; x_wconf 92' lang='lat' dir='ltr'><strong>in</strong></span> <span class='ocrx_word' id='word_1_102' title='bbox 2325 2793 2500 2876; x_wconf 85' lang='lat' dir='ltr'><strong>vobis</strong></span> 
     </span>
     <span class='ocr_line' id='line_1_18' title="bbox 593 2894 2501 2981; baseline 0.001 -22"><span class='ocrx_word' id='word_1_103' title='bbox 593 2897 935 2960; x_wconf 84' lang='lat' dir='ltr'><strong>clarescere</strong></span> <span class='ocrx_word' id='word_1_104' title='bbox 976 2894 1373 2981; x_wconf 87' lang='lat' dir='ltr'><strong>fortitudinis</strong></span> <span class='ocrx_word' id='word_1_105' title='bbox 1402 2894 1624 2973; x_wconf 89' lang='lat' dir='ltr'><strong>virtus,</strong></span> <span class='ocrx_word' id='word_1_106' title='bbox 1660 2903 1903 2979; x_wconf 82' lang='lat' dir='ltr'><strong>quanto</strong></span> <span class='ocrx_word' id='word_1_107' title='bbox 1935 2895 2372 2963; x_wconf 86' lang='lat' dir='ltr'><strong>abundantius</strong></span> <span class='ocrx_word' id='word_1_108' title='bbox 2400 2898 2501 2979; x_wconf 87' lang='lat' dir='ltr'><strong>in-</strong></span> 
     </span>
     <span class='ocr_line' id='line_1_19' title="bbox 590 2986 2499 3082; baseline 0.001 -20"><span class='ocrx_word' id='word_1_109' title='bbox 590 2999 906 3062; x_wconf 88' lang='lat' dir='ltr'><strong>nocentiae</strong></span> <span class='ocrx_word' id='word_1_110' title='bbox 945 2986 1389 3079; x_wconf 82' lang='lat' dir='ltr'><strong>testimonium</strong></span> <span class='ocrx_word' id='word_1_111' title='bbox 1431 2997 1642 3061; x_wconf 88' lang='lat' dir='ltr'><strong>reddit</strong></span> <span class='ocrx_word' id='word_1_112' title='bbox 1673 2998 1850 3062; x_wconf 87' lang='lat' dir='ltr'><strong>vobis</strong></span> <span class='ocrx_word' id='word_1_113' title='bbox 1890 2999 2285 3082; x_wconf 88' lang='lat' dir='ltr'><strong>justissimus</strong></span> <span class='ocrx_word' id='word_1_114' title='bbox 2332 2999 2499 3079; x_wconf 55' lang='lat' dir='ltr'><strong>arbi÷</strong></span> 
     </span>
     <span class='ocr_line' id='line_1_20' title="bbox 586 3100 2496 3185; baseline 0.001 -21"><span class='ocrx_word' id='word_1_115' title='bbox 586 3107 687 3165; x_wconf 89' lang='lat' dir='ltr'><strong>ter</strong></span> <span class='ocrx_word' id='word_1_116' title='bbox 731 3101 897 3164; x_wconf 91' lang='lat' dir='ltr'><strong>bene</strong></span> <span class='ocrx_word' id='word_1_117' title='bbox 947 3100 1068 3163; x_wconf 92' lang='lat' dir='ltr'><strong>sibi</strong></span> <span class='ocrx_word' id='word_1_118' title='bbox 1116 3100 1407 3162; x_wconf 87' lang='lat' dir='ltr'><strong>conscius</strong></span> <span class='ocrx_word' id='word_1_119' title='bbox 1456 3101 1732 3164; x_wconf 89' lang='lat' dir='ltr'><strong>animus.</strong></span> <span class='ocrx_word' id='word_1_120' title='bbox 1826 3100 2231 3184; x_wconf 76' lang='lat' dir='ltr'><strong>Quapropter</strong></span> <span class='ocrx_word' id='word_1_121' title='bbox 2261 3103 2338 3180; x_wconf 62' lang='lat' dir='ltr'><strong>&gt;si</strong></span> <span class='ocrx_word' id='word_1_122' title='bbox 2384 3124 2496 3185; x_wconf 87' lang='lat' dir='ltr'><strong>per</strong></span> 
     </span>
     <span class='ocr_line' id='line_1_21' title="bbox 588 3201 2494 3286; baseline 0.001 -20"><span class='ocrx_word' id='word_1_123' title='bbox 588 3202 1077 3266; x_wconf 87' lang='lat' dir='ltr'><strong>tribulationem</strong></span> <span class='ocrx_word' id='word_1_124' title='bbox 1098 3201 1293 3283; x_wconf 88' lang='lat' dir='ltr'><strong>hujus</strong></span> <span class='ocrx_word' id='word_1_125' title='bbox 1324 3201 1521 3264; x_wconf 87' lang='lat' dir='ltr'><strong>seculi</strong></span> <span class='ocrx_word' id='word_1_126' title='bbox 1551 3203 1606 3264; x_wconf 90' lang='lat' dir='ltr'><strong>is</strong></span> <span class='ocrx_word' id='word_1_127' title='bbox 1638 3205 1750 3286; x_wconf 90' lang='lat' dir='ltr'><strong>qui</strong></span> <span class='ocrx_word' id='word_1_128' title='bbox 1770 3204 1923 3266; x_wconf 86' lang='lat' dir='ltr'><strong>foris</strong></span> <span class='ocrx_word' id='word_1_129' title='bbox 1955 3212 2051 3267; x_wconf 88' lang='lat' dir='ltr'><strong>est</strong></span> <span class='ocrx_word' id='word_1_130' title='bbox 2073 3205 2273 3281; x_wconf 25' lang='lat' dir='ltr'><strong>homo·</strong></span> <span class='ocrx_word' id='word_1_131' title='bbox 2287 3213 2494 3269; x_wconf 88' lang='lat' dir='ltr'><strong>vester</strong></span> 
     </span>
     <span class='ocr_line' id='line_1_22' title="bbox 588 3304 2495 3389; baseline 0 -18"><span class='ocrx_word' id='word_1_132' title='bbox 588 3305 1040 3389; x_wconf 87' lang='lat' dir='ltr'><strong>corrumpitur,</strong></span> <span class='ocrx_word' id='word_1_133' title='bbox 1088 3304 1139 3367; x_wconf 90' lang='lat' dir='ltr'><strong>is</strong></span> <span class='ocrx_word' id='word_1_134' title='bbox 1183 3305 1290 3386; x_wconf 89' lang='lat' dir='ltr'><strong>qui</strong></span> <span class='ocrx_word' id='word_1_135' title='bbox 1337 3304 1516 3368; x_wconf 87' lang='lat' dir='ltr'><strong>intus</strong></span> <span class='ocrx_word' id='word_1_136' title='bbox 1562 3312 1660 3369; x_wconf 89' lang='lat' dir='ltr'><strong>est</strong></span> <span class='ocrx_word' id='word_1_137' title='bbox 1705 3306 1996 3369; x_wconf 89' lang='lat' dir='ltr'><strong>renovari</strong></span> <span class='ocrx_word' id='word_1_138' title='bbox 2039 3305 2228 3385; x_wconf 83' lang='lat' dir='ltr'><strong>debet</strong></span> <span class='ocrx_word' id='word_1_139' title='bbox 2271 3307 2350 3370; x_wconf 93' lang='lat' dir='ltr'><strong>de</strong></span> <span class='ocrx_word' id='word_1_140' title='bbox 2391 3307 2495 3371; x_wconf 88' lang='lat' dir='ltr'><strong>die</strong></span> 
     </span>
     <span class='ocr_line' id='line_1_23' title="bbox 584 3406 2493 3491; baseline -0.002 -17"><span class='ocrx_word' id='word_1_141' title='bbox 584 3411 655 3475; x_wconf 91' lang='lat' dir='ltr'><strong>in</strong></span> <span class='ocrx_word' id='word_1_142' title='bbox 687 3410 878 3489; x_wconf 91' lang='lat' dir='ltr'><strong>diem,</strong></span> <span class='ocrx_word' id='word_1_143' title='bbox 911 3408 1076 3473; x_wconf 89' lang='lat' dir='ltr'><strong>sicut</strong></span> <span class='ocrx_word' id='word_1_144' title='bbox 1108 3407 1259 3473; x_wconf 91' lang='lat' dir='ltr'><strong>olim</strong></span> <span class='ocrx_word' id='word_1_145' title='bbox 1289 3406 1358 3469; x_wconf 91' lang='lat' dir='ltr'><strong>in</strong></span> <span class='ocrx_word' id='word_1_146' title='bbox 1389 3408 1704 3491; x_wconf 85' lang='lat' dir='ltr'><strong>prosperis</strong></span> <span class='ocrx_word' id='word_1_147' title='bbox 1742 3407 1825 3471; x_wconf 89' lang='lat' dir='ltr'><strong>ad</strong></span> <span class='ocrx_word' id='word_1_148' title='bbox 1855 3408 2369 3490; x_wconf 82' lang='lat' dir='ltr'><strong>temperantiam,</strong></span> <span class='ocrx_word' id='word_1_149' title='bbox 2401 3409 2493 3472; x_wconf 90' lang='lat' dir='ltr'><strong>ita</strong></span> 
     </span>
     <span class='ocr_line' id='line_1_24' title="bbox 583 3510 2489 3594; baseline -0.002 -16"><span class='ocrx_word' id='word_1_150' title='bbox 583 3535 759 3578; x_wconf 90' lang='lat' dir='ltr'><strong>nunc</strong></span> <span class='ocrx_word' id='word_1_151' title='bbox 795 3514 866 3577; x_wconf 88' lang='lat' dir='ltr'><strong>in</strong></span> <span class='ocrx_word' id='word_1_152' title='bbox 904 3512 1182 3577; x_wconf 89' lang='lat' dir='ltr'><strong>adversis</strong></span> <span class='ocrx_word' id='word_1_153' title='bbox 1224 3510 1305 3573; x_wconf 92' lang='lat' dir='ltr'><strong>ad</strong></span> <span class='ocrx_word' id='word_1_154' title='bbox 1347 3510 1678 3594; x_wconf 75' lang='lat' dir='ltr'><strong>patientiae</strong></span> <span class='ocrx_word' id='word_1_155' title='bbox 1717 3510 2180 3593; x_wconf 85' lang='lat' dir='ltr'><strong>probationem.</strong></span> <span class='ocrx_word' id='word_1_156' title='bbox 2278 3511 2489 3594; x_wconf 87' lang='lat' dir='ltr'><strong>Scrip-</strong></span> 
     </span>
     <span class='ocr_line' id='line_1_25' title="bbox 581 3613 2487 3697; baseline -0.002 -17"><span class='ocrx_word' id='word_1_157' title='bbox 581 3626 726 3681; x_wconf 90' lang='lat' dir='ltr'><strong>tum</strong></span> <span class='ocrx_word' id='word_1_158' title='bbox 758 3624 855 3682; x_wconf 89' lang='lat' dir='ltr'><strong>est</strong></span> <span class='ocrx_word' id='word_1_159' title='bbox 886 3617 1058 3679; x_wconf 91' lang='lat' dir='ltr'><strong>enim</strong></span> <span class='ocrx_word' id='word_1_160' title='bbox 1088 3641 1100 3678; x_wconf 77' lang='grc' dir='ltr'><strong><em>ε</em></strong></span> <span class='ocrx_word' id='word_1_161' title='bbox 1149 3613 1481 3678; x_wconf 86' lang='lat' dir='ltr'><strong>tribulatio</strong></span> <span class='ocrx_word' id='word_1_162' title='bbox 1521 3613 1904 3696; x_wconf 84' lang='lat' dir='ltr'><strong>patientiam</strong></span> <span class='ocrx_word' id='word_1_163' title='bbox 1941 3622 2240 3695; x_wconf 83' lang='lat' dir='ltr'><strong>operatur</strong></span> <span class='ocrx_word' id='word_1_164' title='bbox 2267 3615 2487 3697; x_wconf 82' lang='lat' dir='ltr'><strong>:pati-</strong></span> 
     </span>
     <span class='ocr_line' id='line_1_26' title="bbox 582 3714 2489 3803; baseline -0.002 -20"><span class='ocrx_word' id='word_1_165' title='bbox 582 3720 758 3783; x_wconf 89' lang='lat' dir='ltr'><strong>entia</strong></span> <span class='ocrx_word' id='word_1_166' title='bbox 787 3718 1265 3803; x_wconf 86' lang='lat' dir='ltr'><strong>probationem:</strong></span> <span class='ocrx_word' id='word_1_167' title='bbox 1308 3714 1603 3799; x_wconf 85' lang='lat' dir='ltr'><strong>probatio</strong></span> <span class='ocrx_word' id='word_1_168' title='bbox 1628 3737 1774 3780; x_wconf 86' lang='lat' dir='ltr'><strong>vero</strong></span> <span class='ocrx_word' id='word_1_169' title='bbox 1802 3738 2002 3798; x_wconf 78' lang='lat' dir='ltr'><strong>spem.</strong></span> <span class='ocrx_word' id='word_1_170' title='bbox 2067 3717 2150 3779; x_wconf 90' lang='lat' dir='ltr'><strong>In</strong></span> <span class='ocrx_word' id='word_1_171' title='bbox 2183 3717 2303 3780; x_wconf 89' lang='lat' dir='ltr'><strong>hoc</strong></span> <span class='ocrx_word' id='word_1_172' title='bbox 2333 3738 2489 3798; x_wconf 89' lang='lat' dir='ltr'><strong>ergo</strong></span> 
     </span>
     <span class='ocr_line' id='line_1_27' title="bbox 583 3817 2483 3904; baseline -0.002 -19"><span class='ocrx_word' id='word_1_173' title='bbox 583 3822 788 3885; x_wconf 90' lang='lat' dir='ltr'><strong>multa</strong></span> <span class='ocrx_word' id='word_1_174' title='bbox 827 3821 984 3885; x_wconf 88' lang='lat' dir='ltr'><strong>mihi</strong></span> <span class='ocrx_word' id='word_1_175' title='bbox 1022 3842 1165 3904; x_wconf 90' lang='lat' dir='ltr'><strong>spes</strong></span> <span class='ocrx_word' id='word_1_176' title='bbox 1211 3826 1328 3897; x_wconf 90' lang='lat' dir='ltr'><strong>est,</strong></span> <span class='ocrx_word' id='word_1_177' title='bbox 1363 3817 1537 3902; x_wconf 90' lang='lat' dir='ltr'><strong>quod</strong></span> <span class='ocrx_word' id='word_1_178' title='bbox 1575 3819 1967 3903; x_wconf 76' lang='lat' dir='ltr'><strong>innocentiae</strong></span> <span class='ocrx_word' id='word_1_179' title='bbox 2012 3819 2205 3887; x_wconf 83' lang='lat' dir='ltr'><strong>simul</strong></span> <span class='ocrx_word' id='word_1_180' title='bbox 2250 3826 2317 3882; x_wconf 89' lang='lat' dir='ltr'><strong>et</strong></span> <span class='ocrx_word' id='word_1_181' title='bbox 2363 3819 2483 3882; x_wconf 92' lang='lat' dir='ltr'><strong>hu-</strong></span> 
     </span>
     <span class='ocr_line' id='line_1_28' title="bbox 583 3921 2485 4005; baseline 0 -20"><span class='ocrx_word' id='word_1_182' title='bbox 583 3923 751 3986; x_wconf 89' lang='lat' dir='ltr'><strong>milis</strong></span> <span class='ocrx_word' id='word_1_183' title='bbox 797 3924 1122 4005; x_wconf 73' lang='lat' dir='ltr'><strong>patientiae</strong></span> <span class='ocrx_word' id='word_1_184' title='bbox 1165 3929 1393 3986; x_wconf 85' lang='lat' dir='ltr'><strong>vestrae</strong></span> <span class='ocrx_word' id='word_1_185' title='bbox 1438 3921 1686 3986; x_wconf 91' lang='lat' dir='ltr'><strong>meritis</strong></span> <span class='ocrx_word' id='word_1_186' title='bbox 1732 3922 1814 4005; x_wconf 86' lang='lat' dir='ltr'><strong>ad</strong></span> <span class='ocrx_word' id='word_1_187' title='bbox 1862 3922 2129 4005; x_wconf 86' lang='lat' dir='ltr'><strong>gloriam</strong></span> <span class='ocrx_word' id='word_1_188' title='bbox 2175 3928 2240 3985; x_wconf 89' lang='lat' dir='ltr'><strong>et</strong></span> <span class='ocrx_word' id='word_1_189' title='bbox 2285 3922 2485 3986; x_wconf 90' lang='lat' dir='ltr'><strong>hono-</strong></span> 
     </span>
     <span class='ocr_line' id='line_1_29' title="bbox 582 4024 2483 4106; baseline 0 -19"><span class='ocrx_word' id='word_1_190' title='bbox 582 4046 720 4088; x_wconf 89' lang='lat' dir='ltr'><strong>rem</strong></span> <span class='ocrx_word' id='word_1_191' title='bbox 768 4026 958 4089; x_wconf 87' lang='lat' dir='ltr'><strong>vestri</strong></span> <span class='ocrx_word' id='word_1_192' title='bbox 1016 4024 1314 4089; x_wconf 86' lang='lat' dir='ltr'><strong>liberabit</strong></span> <span class='ocrx_word' id='word_1_193' title='bbox 1366 4047 1475 4089; x_wconf 89' lang='lat' dir='ltr'><strong>vos</strong></span> <span class='ocrx_word' id='word_1_194' title='bbox 1537 4025 1717 4089; x_wconf 90' lang='lat' dir='ltr'><strong>Deus</strong></span> <span class='ocrx_word' id='word_1_195' title='bbox 1777 4025 1856 4088; x_wconf 93' lang='lat' dir='ltr'><strong>de</strong></span> <span class='ocrx_word' id='word_1_196' title='bbox 1917 4024 2214 4089; x_wconf 86' lang='lat' dir='ltr'><strong>manibus</strong></span> <span class='ocrx_word' id='word_1_197' title='bbox 2273 4045 2483 4106; x_wconf 89' lang='lat' dir='ltr'><strong>perse-</strong></span> 
     </span>
     <span class='ocr_line' id='line_1_30' title="bbox 582 4126 2482 4210; baseline -0.001 -19"><span class='ocrx_word' id='word_1_198' title='bbox 582 4127 919 4210; x_wconf 85' lang='lat' dir='ltr'><strong>quentium</strong></span> <span class='ocrx_word' id='word_1_199' title='bbox 948 4147 1076 4203; x_wconf 77' lang='lat' dir='ltr'><strong>voS,</strong></span> <span class='ocrx_word' id='word_1_200' title='bbox 1109 4128 1220 4209; x_wconf 89' lang='lat' dir='ltr'><strong>qui</strong></span> <span class='ocrx_word' id='word_1_201' title='bbox 1249 4127 1537 4209; x_wconf 86' lang='lat' dir='ltr'><strong>superbis</strong></span> <span class='ocrx_word' id='word_1_202' title='bbox 1576 4126 1839 4205; x_wconf 82' lang='lat' dir='ltr'><strong>resistit,</strong></span> <span class='ocrx_word' id='word_1_203' title='bbox 1870 4126 2222 4209; x_wconf 84' lang='lat' dir='ltr'><strong>humilibus</strong></span> <span class='ocrx_word' id='word_1_204' title='bbox 2264 4136 2482 4189; x_wconf 91' lang='lat' dir='ltr'><strong>autem</strong></span> 
     </span>
     <span class='ocr_line' id='line_1_31' title="bbox 581 4227 2482 4311; baseline -0.001 -19"><span class='ocrx_word' id='word_1_205' title='bbox 581 4228 692 4292; x_wconf 87' lang='lat' dir='ltr'><strong>dat</strong></span> <span class='ocrx_word' id='word_1_206' title='bbox 752 4227 1046 4311; x_wconf 83' lang='lat' dir='ltr'><strong>gratiam.</strong></span> <span class='ocrx_word' id='word_1_207' title='bbox 1145 4227 1342 4291; x_wconf 89' lang='lat' dir='ltr'><strong>Unde</strong></span> <span class='ocrx_word' id='word_1_208' title='bbox 1393 4228 1556 4292; x_wconf 87' lang='lat' dir='ltr'><strong>votis</strong></span> <span class='ocrx_word' id='word_1_209' title='bbox 1615 4229 2132 4292; x_wconf 89' lang='lat' dir='ltr'><strong>indesinentibus</strong></span> <span class='ocrx_word' id='word_1_210' title='bbox 2193 4228 2482 4309; x_wconf 89' lang='lat' dir='ltr'><strong>omnipo-</strong></span> 
     </span>
     <span class='ocr_line' id='line_1_32' title="bbox 574 4329 2480 4415; baseline -0.001 -20"><span class='ocrx_word' id='word_1_211' title='bbox 574 4336 825 4395; x_wconf 87' lang='lat' dir='ltr'><strong>tentem</strong></span> <span class='ocrx_word' id='word_1_212' title='bbox 871 4330 1086 4393; x_wconf 87' lang='lat' dir='ltr'><strong>Deum</strong></span> <span class='ocrx_word' id='word_1_213' title='bbox 1131 4329 1471 4412; x_wconf 87' lang='lat' dir='ltr'><strong>implorare</strong></span> <span class='ocrx_word' id='word_1_214' title='bbox 1517 4338 1760 4415; x_wconf 86' lang='lat' dir='ltr'><strong>satago,</strong></span> <span class='ocrx_word' id='word_1_215' title='bbox 1805 4333 2108 4415; x_wconf 86' lang='lat' dir='ltr'><strong>quatinus</strong></span> <span class='ocrx_word' id='word_1_216' title='bbox 2154 4337 2480 4395; x_wconf 75' lang='lat' dir='ltr'><strong>consuetae</strong></span> 
     </span>
     <span class='ocr_line' id='line_1_33' title="bbox 574 4432 2483 4522; baseline 0.001 -26"><span class='ocrx_word' id='word_1_217' title='bbox 574 4432 973 4499; x_wconf 89' lang='lat' dir='ltr'><strong>discretionis</strong></span> <span class='ocrx_word' id='word_1_218' title='bbox 1024 4437 1250 4521; x_wconf 71' lang='lat' dir='ltr'><strong>vestrae</strong></span> <span class='ocrx_word' id='word_1_219' title='bbox 1307 4433 1566 4498; x_wconf 88' lang='lat' dir='ltr'><strong>oculum</strong></span> <span class='ocrx_word' id='word_1_220' title='bbox 1624 4434 1997 4522; x_wconf 81' lang='lat' dir='ltr'><strong>nullatenus</strong></span> <span class='ocrx_word' id='word_1_221' title='bbox 2056 4432 2272 4518; x_wconf 82' lang='lat' dir='ltr'><strong>aliqua</strong></span> <span class='ocrx_word' id='word_1_222' title='bbox 2331 4433 2483 4498; x_wconf 82' lang='lat' dir='ltr'><strong>sub-</strong></span> 
     </span>
    </p>
   </div>
  </div>
 </body>
</html>
