3200 5392
781 693 894 758 viii
1065 713 1335 758 nanu
1367 712 1837 759 srlswounnn
1869 714 2037 759 ‘rom
2069 715 2385 761 stonum.

778 831 900 883 869.
937 827 1196 899 Ejusdem
1217 828 1289 883 ad
1311 828 1540 884 eundem

778 918 900 969 870.
936 913 1191 983 Ejusdem
1215 914 1287 969 ad
1309 915 1541 972 eundem

777 1006 899 1057 871.
936 1000 1192 1070 Ejusdem
1215 1001 1286 1056 ad
1309 1002 1539 1056 eundem
1765 1031 1789 1043 ·

777 1091 901 1143 872.
937 1087 1196 1157 Ejusdem
1231 1088 1302 1142 ad
1343 1088 1618 1142 Simonem
1665 1088 1912 1143 abbatem
1949 1088 2003 1143 S.
2026 1088 2120 1144 Δ]-

986 1172 1117 1226 bani
1274 1201 1297 1213 -
1763 1202 1787 1214 ·
1927 1202 1950 1214 -

775 1261 900 1311 878.
935 1256 1195 1327 Ejusdem
1252 1258 1324 1313 ad
1392 1260 1641 1313 abbatem
1709 1267 1765 1313 ct
1829 1260 2118 1315 monachos

989 1343 1177 1401 Sancti
1193 1344 1419 1398 Andron
1600 1372 1625 1383 -
2092 1375 2115 1386 -

771 1430 895 1484 874.
931 1428 1192 1499 Ejusdem
1216 1428 1285 1484 ad
1310 1430 1542 1484 Abbates
1574 1438 1631 1483 et
1659 1429 1778 1485 frat.
1806 1430 2027 1486 Cisterc.
2058 1431 2117 1487 in

986 1515 1181 1585 Anglia
1205 1515 1518 1570 constitutos
1759 1545 1783 1557 ·
2089 1546 2113 1558 -

770 1603 896 1655 876.
935 1599 1201 1669 Ejusdem
1223 1600 1295 1654 ad
1318 1600 1592 1671 Rogemm
1627 1601 1803 1657 abbat.
1839 1609 1895 1655 ct
1928 1601 2115 1657 fratres

983 1684 1220 1739 Monast.
1245 1684 1312 1738 de
1336 1684 1527 1739 Ib1eio.
1758 1713 1783 1727 -
1924 1714 1949 1726 -

773 1771 896 1822 876.
933 1768 1191 1839 Ejusdem
1237 1769 1310 1824 ad
1353 1771 1642 1825 monachos
1700 1770 1757 1825 S.
1805 1770 1998 1826 Mario
2046 1773 2114 1827 dc

981 1855 1270 1910 Laurentio
1436 1884 1459 1896 ·
1599 1885 1624 1896 -
2088 1886 2112 1898 -

771 1943 895 1993 877.
933 1939 1195 2010 Ejusdem
1227 1940 1299 1994 ad
1321 1942 1567 1996 abbatem
1590 1949 1646 1996 et
1665 1941 1851 1996 fratres
1875 1941 1942 1996 dc
1965 1942 2113 1997 Neu-

769 2116 893 2168 878.
931 2113 1190 2185 Ejusdem
1229 2114 1331 2184 Ep.
1368 2114 1439 2168 ad
1476 2100 1778 2169 Heni-icum
1817 2132 1997 2186 regem
2044 2114 2111 2170 de

979 2198 1191 2257 Thema
1243 2199 1430 2253 Beket.
1483 2199 1622 2268 [Sed
1670 2200 1888 2253 omnino
1932 2201 2112 2270 spuria

974 2282 1266 2351 habenda]
1916 2313 1940 2325 -
2080 2315 2104 2327 -

765 2374 889 2424 879.
926 2368 1185 2439 Ejusdem
1208 2370 1279 2424 ad
1302 2370 1529 2425 eundem

763 2459 887 2510 880.
925 2449 1182 2524 Ejusdem
1205 2453 1277 2508 ad
1301 2455 1634 2510 Ludovicum
1754 2485 1778 2498 ·
1919 2485 1942 2496 -
2082 2485 2106 2497 -

762 2543 886 2594 881.
923 2538 1166 2610 Epistola.
1186 2539 1393 2594 Urbani
1414 2558 1569 2612 papae
1594 2540 1662 2599 de
1685 2541 1960 2596 Electione
1984 2558 2081 2596 sua

763 2628 887 2679 882.
925 2625 1156 2679 Honorii
1191 2626 1360 2679 Tertii
1393 2643 1545 2697 papffi
1582 2626 1825 2698 Epistola
1865 2627 1936 2680 ad
1969 2626 2106 2680 Uni-

971 2727 1144 2765 versos
1179 2712 1507 2769 christianos
1545 2729 1641 2783 per
1679 2713 1935 2783 Angliam
1979 2730 2106 2766 con-

972 2796 1202 2861 stitutos,
1226 2795 1293 2849 de
1326 2797 1672 2859 tanslatione
1696 2797 1857 2852 Beati
1879 2797 2103 2851 Thomae

761 2883 885 2934 888.
924 2880 1181 2950 Ejusdem
1214 2881 1287 2935 ad
1307 2883 1398 2953 W.
1424 2883 1662 2938 Priorem
1695 2891 1751 2937 et
1785 2892 2103 2937 conventum

972 2960 1410 3022 Canniariensem
1582 2998 1606 3009 -
2074 2999 2097 3009 -

759 3055 884 3107 384.
919 3052 1122 3107 Alberti
1191 3054 1473 3109 cardinalis
1541 3072 1625 3127 ep.
1694 2997 1770 3109 ad
1834 3054 2103 3110 Thomam

971 3138 1409 3195 cantuariensem
1913 3171 1937 3182 ·
2077 3171 2099 3182 -

758 3204 881 3279 886.
920 3223 1177 3295 Ejusdem
1225 3235 1280 3281 et
1326 3227 1640 3282 Theodwini
1688 3228 1759 3281 ad
1800 3227 2100 3282 Henricum

967 3328 1148 3382 regem
1248 3338 1278 3351 -
1748 3340 1770 3352 ·
1910 3339 1934 3351 -
2074 3340 2097 3351 -

755 3399 879 3452 886.
916 3396 1224 3450 Eorundem
1246 3396 1316 3450 ad
1339 3405 1659 3451 conventum
1683 3397 1988 3451 Cantuariae
2070 3425 2094 3437 ·

756 3490 880 3541 887.
919 3484 1225 3539 Eorundem
1263 3485 1335 3540 ad
1371 3485 1700 3549 Wiuelmum
1737 3485 2098 3541 Senonensem

969 3570 1423 3641 archiepiscopum
1581 3600 1606 3611 ·
1910 3601 1934 3612 -
2073 3600 2098 3612 -

755 3658 879 3712 888.
916 3654 1226 3710 Eorundem
1259 3655 1331 3710 ad
1367 3657 1670 3711 Gilbertum
1692 3656 2097 3712 Ravennensem

966 3742 1419 3813 archiepiscopum
1581 3772 1606 3783 ·
1745 3772 1768 3784 ·
2070 3773 2094 3785 ·

756 3831 879 3883 889.
917 3827 1179 3881 Bel-nardi
1215 3828 1521 3883 Portuensis
1559 3831 1793 3900 episcopi
1841 3829 1913 3884 ad
1956 3830 2098 3884 Tho-

964 3930 1110 3967 mam
1134 3915 1573 3970 Canniariensem
2073 3945 2092 3956 ·

754 4003 878 4053 890.
916 3999 1163 4053 Gratiani
1187 4000 1259 4054 ad
1283 4001 1614 4056 Gauii-edum
1639 4000 1797 4056 Ridel
1820 4009 1875 4055 et
1896 4001 2029 4056 alios

755 4089 879 4139 891.
915 4084 1168 4155 Ejusdem
1195 4085 1263 4139 ad
1287 4086 1550 4140 Thomam
1575 4086 2019 4140 Cantuasiensem

754 4174 878 4225 392.
919 4170 1221 4224 HumbaJdi
1268 4170 1530 4225 Ostiensis
1576 4171 1807 4296 episcopi
1841 4170 1913 4225 ad
1946 4169 2097 4224 Tho·

964 4272 1110 4309 mam
1134 4257 1573 4311 Cantuariensem
1905 4284 1930 4297 ·
2069 4284 2092 4296 -

754 4345 879 4398 898.
915 4342 1213 4414 Hyacinthi
1233 4343 1305 4397 ad
1328 4342 1592 4399 'rhomam
1617 4342 2055 4397 Cantuariensem

2260 831 2613 887 Meminimus

2262 918 2348 972 Ad

2259 1004 2441 1067 Quum

2091 1204 2115 1216 -
2185 1177 2681 1232 Consultationibus

2256 1348 2317 1402 Si

2254 1517 2505 1574 Relatum

2252 1689 2595 1745 Venerabiles

2248 1859 2569 1916 Audivimus

2250 2287 2448 2341 Sancta

2249 2373 2485 2427 Veniens

2248 2458 2492 2521 Qualiter

2244 2542 2489 2597 Coelestis

2239 2969 2493 3024 Ecclesia

2241 3142 2473 3196 Gavisus

2237 3311 2326 3365 Ne

2236 3397 2508 3452 Laetamur

2237 3571 2507 3634 Quoniam
2524 3640 2534 3647 ·

2237 3743 2505 3806 Quoniam

2238 3915 2508 3978 Quoniam

2236 4001 2287 4053 A
2313 4009 2484 4055 vestra

2231 4084 2392 4148 Quod

2234 4241 2465 4319 Quando

2236 4342 2413 4408 Quam
