<?xml version="1.0" encoding="UTF-8"?>
<!DOCTYPE html PUBLIC "-//W3C//DTD XHTML 1.0 Transitional//EN"
    "http://www.w3.org/TR/xhtml1/DTD/xhtml1-transitional.dtd">
<html xmlns="http://www.w3.org/1999/xhtml" xml:lang="en" lang="en">
 <head>
  <title>
</title>
<meta http-equiv="Content-Type" content="text/html;charset=utf-8" />
  <meta name='ocr-system' content='tesseract 3.04.00' />
  <meta name='ocr-capabilities' content='ocr_page ocr_carea ocr_par ocr_line ocrx_word'/>
</head>
<body>
  <div class='ocr_page' id='page_1' title='image "./gilbertiexabbat01gilegoog_0139.png"; bbox 0 0 3200 5392; ppageno 0'>
   <div class='ocr_carea' id='block_1_1' title="bbox 8 14 3200 206">
    <p class='ocr_par' dir='ltr' id='par_1_1' title="bbox 8 14 3200 206">
     <span class='ocr_line' id='line_1_1' title="bbox 8 14 3200 206; baseline 0 0"><span class='ocrx_word' id='word_1_1' title='bbox 8 14 9 206; x_wconf 95' lang='lat' dir='ltr'> </span> <span class='ocrx_word' id='word_1_2' title='bbox 3199 14 3200 206; x_wconf 95' lang='lat' dir='ltr'> </span> 
     </span>
    </p>
   </div>
   <div class='ocr_carea' id='block_1_2' title="bbox 540 929 2447 1011">
    <p class='ocr_par' dir='ltr' id='par_1_2' title="bbox 540 929 2447 1011">
     <span class='ocr_line' id='line_1_2' title="bbox 540 929 2447 1011; baseline 0.001 -18"><span class='ocrx_word' id='word_1_3' title='bbox 540 951 679 993; x_wconf 68' lang='lat' dir='ltr'>Am.</span> <span class='ocrx_word' id='word_1_4' title='bbox 716 929 1109 1011; x_wconf 85' lang='lat'>1161—89.]</span> <span class='ocrx_word' id='word_1_5' title='bbox 1212 948 1546 991; x_wconf 68' lang='lat' dir='ltr'>nms‘romn</span> <span class='ocrx_word' id='word_1_6' title='bbox 1578 948 1902 998; x_wconf 74' lang='lat' dir='ltr'>ouAEnAM.</span> <span class='ocrx_word' id='word_1_7' title='bbox 2321 932 2447 994; x_wconf 79' lang='lat'>123</span> 
     </span>
    </p>
   </div>
   <div class='ocr_carea' id='block_1_3' title="bbox 10 1067 2452 4664">
    <p class='ocr_par' dir='ltr' id='par_1_3' title="bbox 10 1067 2452 4664">
     <span class='ocr_line' id='line_1_3' title="bbox 546 1067 2448 1154; baseline 0 -19"><span class='ocrx_word' id='word_1_8' title='bbox 546 1070 867 1135; x_wconf 79' lang='lat' dir='ltr'>Hibernia</span> <span class='ocrx_word' id='word_1_9' title='bbox 912 1070 980 1132; x_wconf 93' lang='lat' dir='ltr'>in</span> <span class='ocrx_word' id='word_1_10' title='bbox 1032 1068 1359 1153; x_wconf 85' lang='lat' dir='ltr'>Angliam,</span> <span class='ocrx_word' id='word_1_11' title='bbox 1413 1067 1941 1136; x_wconf 79' lang='lat' dir='ltr'><strong>incumbentibus</strong></span> <span class='ocrx_word' id='word_1_12' title='bbox 1994 1069 2115 1133; x_wconf 83' lang='lat' dir='ltr'>sibi</span> <span class='ocrx_word' id='word_1_13' title='bbox 2172 1071 2448 1154; x_wconf 85' lang='lat' dir='ltr'>negotiis</span> 
     </span>
     <span class='ocr_line' id='line_1_4' title="bbox 543 1171 2449 1257; baseline 0.001 -21"><span class='ocrx_word' id='word_1_14' title='bbox 543 1172 1008 1257; x_wconf 78' lang='lat' dir='ltr'>praetermissis,</span> <span class='ocrx_word' id='word_1_15' title='bbox 1056 1171 1136 1235; x_wconf 90' lang='lat' dir='ltr'>de</span> <span class='ocrx_word' id='word_1_16' title='bbox 1184 1171 1424 1254; x_wconf 86' lang='lat' dir='ltr'>Anglia</span> <span class='ocrx_word' id='word_1_17' title='bbox 1470 1191 1619 1235; x_wconf 88' lang='lat' dir='ltr'>vero</span> <span class='ocrx_word' id='word_1_18' title='bbox 1663 1171 1734 1234; x_wconf 91' lang='lat' dir='ltr'>in</span> <span class='ocrx_word' id='word_1_19' title='bbox 1769 1172 2191 1237; x_wconf 84' lang='lat' dir='ltr'>Normanniae</span> <span class='ocrx_word' id='word_1_20' title='bbox 2233 1180 2449 1257; x_wconf 85' lang='lat' dir='ltr'>partes</span> 
     </span>
     <span class='ocr_line' id='line_1_5' title="bbox 544 1273 2450 1357; baseline 0 -17"><span class='ocrx_word' id='word_1_21' title='bbox 544 1277 829 1353; x_wconf 88' lang='lat' dir='ltr'>accessit,</span> <span class='ocrx_word' id='word_1_22' title='bbox 865 1281 1058 1357; x_wconf 89' lang='lat' dir='ltr'>atque</span> <span class='ocrx_word' id='word_1_23' title='bbox 1095 1273 1529 1338; x_wconf 79' lang='lat' dir='ltr'>incontinenti</span> <span class='ocrx_word' id='word_1_24' title='bbox 1557 1274 1773 1357; x_wconf 81' lang='lat' dir='ltr'>plures</span> <span class='ocrx_word' id='word_1_25' title='bbox 1804 1275 1887 1338; x_wconf 89' lang='lat' dir='ltr'>ad</span> <span class='ocrx_word' id='word_1_26' title='bbox 1915 1297 2034 1340; x_wconf 91' lang='lat' dir='ltr'>nos</span> <span class='ocrx_word' id='word_1_27' title='bbox 2072 1278 2338 1342; x_wconf 88' lang='lat' dir='ltr'>nuntios</span> <span class='ocrx_word' id='word_1_28' title='bbox 2383 1284 2450 1340; x_wconf 88' lang='lat' dir='ltr'>et</span> 
     </span>
     <span class='ocr_line' id='line_1_6' title="bbox 544 1375 2450 1460; baseline -0.001 -18"><span class='ocrx_word' id='word_1_29' title='bbox 544 1377 952 1442; x_wconf 84' lang='lat' dir='ltr'>honorabiles</span> <span class='ocrx_word' id='word_1_30' title='bbox 984 1376 1345 1454; x_wconf 87' lang='lat' dir='ltr'>destinavit,</span> <span class='ocrx_word' id='word_1_31' title='bbox 1376 1375 1711 1459; x_wconf 87' lang='lat' dir='ltr'>inquirens</span> <span class='ocrx_word' id='word_1_32' title='bbox 1743 1397 1781 1438; x_wconf 93' lang='lat' dir='ltr'>a</span> <span class='ocrx_word' id='word_1_33' title='bbox 1810 1375 1996 1440; x_wconf 90' lang='lat' dir='ltr'>nobis</span> <span class='ocrx_word' id='word_1_34' title='bbox 2037 1376 2109 1440; x_wconf 90' lang='lat' dir='ltr'>in</span> <span class='ocrx_word' id='word_1_35' title='bbox 2147 1398 2275 1460; x_wconf 90' lang='lat' dir='ltr'>quo</span> <span class='ocrx_word' id='word_1_36' title='bbox 2308 1378 2450 1441; x_wconf 95' lang='lat' dir='ltr'>loco</span> 
     </span>
     <span class='ocr_line' id='line_1_7' title="bbox 544 1479 2452 1565; baseline -0.001 -19"><span class='ocrx_word' id='word_1_37' title='bbox 544 1483 760 1565; x_wconf 90' lang='lat' dir='ltr'>potius</span> <span class='ocrx_word' id='word_1_38' title='bbox 791 1482 1130 1545; x_wconf 88' lang='lat' dir='ltr'>convenire</span> <span class='ocrx_word' id='word_1_39' title='bbox 1160 1500 1311 1545; x_wconf 90' lang='lat' dir='ltr'>cum</span> <span class='ocrx_word' id='word_1_40' title='bbox 1353 1501 1429 1543; x_wconf 92' lang='lat' dir='ltr'>eo</span> <span class='ocrx_word' id='word_1_41' title='bbox 1469 1485 1535 1543; x_wconf 88' lang='lat' dir='ltr'>et</span> <span class='ocrx_word' id='word_1_42' title='bbox 1573 1479 1753 1562; x_wconf 89' lang='lat' dir='ltr'>loqui</span> <span class='ocrx_word' id='word_1_43' title='bbox 1779 1479 2107 1545; x_wconf 88' lang='lat' dir='ltr'>vellemus.</span> <span class='ocrx_word' id='word_1_44' title='bbox 2198 1481 2452 1545; x_wconf 87' lang='lat' dir='ltr'>Placuit</span> 
     </span>
     <span class='ocr_line' id='line_1_8' title="bbox 543 1581 2452 1667; baseline 0 -20"><span class='ocrx_word' id='word_1_45' title='bbox 543 1583 809 1647; x_wconf 87' lang='lat' dir='ltr'>tandem</span> <span class='ocrx_word' id='word_1_46' title='bbox 855 1582 937 1647; x_wconf 87' lang='lat' dir='ltr'>ad</span> <span class='ocrx_word' id='word_1_47' title='bbox 982 1583 1430 1647; x_wconf 84' lang='lat' dir='ltr'>Saviniacense</span> <span class='ocrx_word' id='word_1_48' title='bbox 1475 1581 1938 1645; x_wconf 87' lang='lat' dir='ltr'>monasterium</span> <span class='ocrx_word' id='word_1_49' title='bbox 1983 1604 2097 1666; x_wconf 90' lang='lat' dir='ltr'>pro</span> <span class='ocrx_word' id='word_1_50' title='bbox 2134 1584 2452 1667; x_wconf 88' lang='lat' dir='ltr'>colloquio</span> 
     </span>
     <span class='ocr_line' id='line_1_9' title="bbox 544 1684 2447 1769; baseline 0.001 -21"><span class='ocrx_word' id='word_1_51' title='bbox 544 1684 842 1750; x_wconf 88' lang='lat' dir='ltr'>habendo</span> <span class='ocrx_word' id='word_1_52' title='bbox 886 1705 1282 1763; x_wconf 88' lang='lat' dir='ltr'>concurrere,</span> <span class='ocrx_word' id='word_1_53' title='bbox 1323 1684 1439 1748; x_wconf 91' lang='lat' dir='ltr'>ubi</span> <span class='ocrx_word' id='word_1_54' title='bbox 1482 1684 1928 1766; x_wconf 87' lang='lat' dir='ltr'>religiosorum</span> <span class='ocrx_word' id='word_1_55' title='bbox 1975 1685 2257 1749; x_wconf 90' lang='lat' dir='ltr'>virorum</span> <span class='ocrx_word' id='word_1_56' title='bbox 2304 1706 2447 1769; x_wconf 86' lang='lat' dir='ltr'>pos-</span> 
     </span>
     <span class='ocr_line' id='line_1_10' title="bbox 542 1784 2449 1871; baseline 0.001 -20"><span class='ocrx_word' id='word_1_57' title='bbox 542 1809 756 1852; x_wconf 85' lang='lat' dir='ltr'>semus</span> <span class='ocrx_word' id='word_1_58' title='bbox 786 1787 1183 1852; x_wconf 88' lang='lat' dir='ltr'>orationibus</span> <span class='ocrx_word' id='word_1_59' title='bbox 1225 1786 1531 1871; x_wconf 87' lang='lat' dir='ltr'>adjuvari.</span> <span class='ocrx_word' id='word_1_60' title='bbox 1628 1784 2067 1851; x_wconf 78' lang='lat' dir='ltr'>Convenimus</span> <span class='ocrx_word' id='word_1_61' title='bbox 2094 1787 2266 1867; x_wconf 92' lang='lat' dir='ltr'>illuc,</span> <span class='ocrx_word' id='word_1_62' title='bbox 2298 1809 2449 1852; x_wconf 87' lang='lat' dir='ltr'>con-</span> 
     </span>
     <span class='ocr_line' id='line_1_11' title="bbox 542 1890 2450 1974; baseline 0.001 -21"><span class='ocrx_word' id='word_1_63' title='bbox 542 1898 861 1955; x_wconf 88' lang='lat' dir='ltr'>venerunt</span> <span class='ocrx_word' id='word_1_64' title='bbox 920 1898 986 1955; x_wconf 91' lang='lat' dir='ltr'>et</span> <span class='ocrx_word' id='word_1_65' title='bbox 1044 1892 1267 1958; x_wconf 89' lang='lat' dir='ltr'>multae</span> <span class='ocrx_word' id='word_1_66' title='bbox 1325 1911 1615 1974; x_wconf 74' lang='lat' dir='ltr'>personae</span> <span class='ocrx_word' id='word_1_67' title='bbox 1671 1890 2009 1974; x_wconf 88' lang='lat' dir='ltr'>utriusque</span> <span class='ocrx_word' id='word_1_68' title='bbox 2068 1891 2309 1955; x_wconf 78' lang='lat' dir='ltr'>ordinis</span> <span class='ocrx_word' id='word_1_69' title='bbox 2365 1891 2450 1956; x_wconf 86' lang='lat' dir='ltr'>de</span> 
     </span>
     <span class='ocr_line' id='line_1_12' title="bbox 542 1992 2447 2077; baseline 0.001 -21"><span class='ocrx_word' id='word_1_70' title='bbox 542 2015 745 2077; x_wconf 85' lang='lat' dir='ltr'>regno</span> <span class='ocrx_word' id='word_1_71' title='bbox 773 1992 995 2077; x_wconf 90' lang='lat' dir='ltr'>ipsius,</span> <span class='ocrx_word' id='word_1_72' title='bbox 1028 2000 1093 2056; x_wconf 89' lang='lat' dir='ltr'>et</span> <span class='ocrx_word' id='word_1_73' title='bbox 1124 1992 1538 2058; x_wconf 81' lang='lat' dir='ltr'>tractavimus</span> <span class='ocrx_word' id='word_1_74' title='bbox 1567 1992 1910 2075; x_wconf 86' lang='lat' dir='ltr'>diligentia</span> <span class='ocrx_word' id='word_1_75' title='bbox 1936 2015 2062 2077; x_wconf 89' lang='lat' dir='ltr'>qua</span> <span class='ocrx_word' id='word_1_76' title='bbox 2099 1994 2447 2077; x_wconf 86' lang='lat' dir='ltr'>potuimus,</span> 
     </span>
     <span class='ocr_line' id='line_1_13' title="bbox 547 2093 2446 2177; baseline 0.002 -19"><span class='ocrx_word' id='word_1_77' title='bbox 547 2095 718 2177; x_wconf 91' lang='lat' dir='ltr'>quod</span> <span class='ocrx_word' id='word_1_78' title='bbox 763 2094 845 2159; x_wconf 82' lang='lat' dir='ltr'>ad</span> <span class='ocrx_word' id='word_1_79' title='bbox 894 2094 1169 2158; x_wconf 90' lang='lat' dir='ltr'>salutem</span> <span class='ocrx_word' id='word_1_80' title='bbox 1214 2093 1415 2176; x_wconf 88' lang='lat' dir='ltr'>ipsius</span> <span class='ocrx_word' id='word_1_81' title='bbox 1462 2099 1530 2156; x_wconf 91' lang='lat' dir='ltr'>et</span> <span class='ocrx_word' id='word_1_82' title='bbox 1580 2093 1944 2176; x_wconf 86' lang='lat' dir='ltr'>injunctam</span> <span class='ocrx_word' id='word_1_83' title='bbox 1995 2095 2181 2160; x_wconf 89' lang='lat' dir='ltr'>nobis</span> <span class='ocrx_word' id='word_1_84' title='bbox 2232 2096 2446 2161; x_wconf 85' lang='lat' dir='ltr'>obedi-</span> 
     </span>
     <span class='ocr_line' id='line_1_14' title="bbox 546 2194 2450 2279; baseline 0.001 -20"><span class='ocrx_word' id='word_1_85' title='bbox 546 2196 791 2259; x_wconf 87' lang='lat' dir='ltr'>entiam</span> <span class='ocrx_word' id='word_1_86' title='bbox 833 2194 1217 2279; x_wconf 86' lang='lat' dir='ltr'>pertinebat.</span> <span class='ocrx_word' id='word_1_87' title='bbox 1311 2194 1534 2259; x_wconf 75' lang='lat' dir='ltr'>Quum</span> <span class='ocrx_word' id='word_1_88' title='bbox 1576 2201 1795 2258; x_wconf 90' lang='lat' dir='ltr'>autem</span> <span class='ocrx_word' id='word_1_89' title='bbox 1837 2215 1970 2259; x_wconf 91' lang='lat' dir='ltr'>non</span> <span class='ocrx_word' id='word_1_90' title='bbox 2006 2217 2336 2278; x_wconf 82' lang='lat' dir='ltr'>possemus</span> <span class='ocrx_word' id='word_1_91' title='bbox 2379 2198 2450 2260; x_wconf 91' lang='lat' dir='ltr'>in</span> 
     </span>
     <span class='ocr_line' id='line_1_15' title="bbox 547 2296 2449 2381; baseline 0 -19"><span class='ocrx_word' id='word_1_92' title='bbox 547 2298 848 2362; x_wconf 91' lang='lat' dir='ltr'>omnibus</span> <span class='ocrx_word' id='word_1_93' title='bbox 908 2299 1267 2375; x_wconf 89' lang='lat' dir='ltr'>convenire,</span> <span class='ocrx_word' id='word_1_94' title='bbox 1321 2296 1583 2361; x_wconf 80' lang='lat' dir='ltr'>recessit</span> <span class='ocrx_word' id='word_1_95' title='bbox 1633 2298 1771 2381; x_wconf 88' lang='lat' dir='ltr'>ipse</span> <span class='ocrx_word' id='word_1_96' title='bbox 1827 2320 1866 2361; x_wconf 89' lang='lat' dir='ltr'>a</span> <span class='ocrx_word' id='word_1_97' title='bbox 1923 2297 2108 2362; x_wconf 92' lang='lat' dir='ltr'>nobis</span> <span class='ocrx_word' id='word_1_98' title='bbox 2154 2299 2328 2362; x_wconf 84' lang='lat' dir='ltr'>velut</span> <span class='ocrx_word' id='word_1_99' title='bbox 2379 2300 2449 2362; x_wconf 93' lang='lat' dir='ltr'>in</span> 
     </span>
     <span class='ocr_line' id='line_1_16' title="bbox 543 2399 2450 2484; baseline 0.001 -21"><span class='ocrx_word' id='word_1_100' title='bbox 543 2400 851 2483; x_wconf 82' lang='lat' dir='ltr'>Angliam</span> <span class='ocrx_word' id='word_1_101' title='bbox 895 2399 1314 2483; x_wconf 85' lang='lat' dir='ltr'>profecturus,</span> <span class='ocrx_word' id='word_1_102' title='bbox 1361 2405 1428 2462; x_wconf 90' lang='lat' dir='ltr'>et</span> <span class='ocrx_word' id='word_1_103' title='bbox 1471 2419 1590 2463; x_wconf 89' lang='lat' dir='ltr'>nos</span> <span class='ocrx_word' id='word_1_104' title='bbox 1636 2400 2103 2484; x_wconf 79' lang='lat' dir='ltr'>expectavimus</span> <span class='ocrx_word' id='word_1_105' title='bbox 2156 2402 2450 2484; x_wconf 86' lang='lat' dir='ltr'>sequenti</span> 
     </span>
     <span class='ocr_line' id='line_1_17' title="bbox 546 2501 2449 2586; baseline 0.001 -20"><span class='ocrx_word' id='word_1_106' title='bbox 546 2502 649 2566; x_wconf 90' lang='lat' dir='ltr'>die</span> <span class='ocrx_word' id='word_1_107' title='bbox 696 2503 778 2567; x_wconf 91' lang='lat' dir='ltr'>ad</span> <span class='ocrx_word' id='word_1_108' title='bbox 817 2502 1137 2570; x_wconf 88' lang='lat' dir='ltr'>Abrincas</span> <span class='ocrx_word' id='word_1_109' title='bbox 1189 2501 1514 2567; x_wconf 90' lang='lat' dir='ltr'>civitatem</span> <span class='ocrx_word' id='word_1_110' title='bbox 1557 2502 1732 2581; x_wconf 91' lang='lat' dir='ltr'>ituri,</span> <span class='ocrx_word' id='word_1_111' title='bbox 1784 2510 2038 2586; x_wconf 88' lang='lat' dir='ltr'>postero</span> <span class='ocrx_word' id='word_1_112' title='bbox 2082 2511 2300 2568; x_wconf 87' lang='lat' dir='ltr'>autem</span> <span class='ocrx_word' id='word_1_113' title='bbox 2346 2505 2449 2569; x_wconf 90' lang='lat' dir='ltr'>die</span> 
     </span>
     <span class='ocr_line' id='line_1_18' title="bbox 541 2605 2447 2690; baseline 0.002 -21"><span class='ocrx_word' id='word_1_114' title='bbox 541 2613 857 2670; x_wconf 87' lang='lat' dir='ltr'>venerunt</span> <span class='ocrx_word' id='word_1_115' title='bbox 887 2607 969 2670; x_wconf 89' lang='lat' dir='ltr'>ad</span> <span class='ocrx_word' id='word_1_116' title='bbox 1009 2627 1128 2671; x_wconf 90' lang='lat' dir='ltr'>nos</span> <span class='ocrx_word' id='word_1_117' title='bbox 1158 2605 1569 2670; x_wconf 87' lang='lat' dir='ltr'>Lexoviensis</span> <span class='ocrx_word' id='word_1_118' title='bbox 1611 2608 1943 2690; x_wconf 88' lang='lat' dir='ltr'>episcopus</span> <span class='ocrx_word' id='word_1_119' title='bbox 1974 2613 2039 2671; x_wconf 88' lang='lat' dir='ltr'>et</span> <span class='ocrx_word' id='word_1_120' title='bbox 2070 2608 2198 2672; x_wconf 87' lang='lat' dir='ltr'>duo</span> <span class='ocrx_word' id='word_1_121' title='bbox 2243 2609 2447 2673; x_wconf 86' lang='lat' dir='ltr'>archi-</span> 
     </span>
     <span class='ocr_line' id='line_1_19' title="bbox 546 2707 2448 2794; baseline 0.002 -23"><span class='ocrx_word' id='word_1_122' title='bbox 546 2707 816 2787; x_wconf 87' lang='lat' dir='ltr'>diaconi,</span> <span class='ocrx_word' id='word_1_123' title='bbox 849 2716 914 2773; x_wconf 88' lang='lat' dir='ltr'>et</span> <span class='ocrx_word' id='word_1_124' title='bbox 958 2729 1258 2773; x_wconf 88' lang='lat' dir='ltr'>concesso</span> <span class='ocrx_word' id='word_1_125' title='bbox 1303 2708 1476 2792; x_wconf 86' lang='lat' dir='ltr'>quod</span> <span class='ocrx_word' id='word_1_126' title='bbox 1518 2708 1914 2792; x_wconf 81' lang='lat' dir='ltr'>petebamus,</span> <span class='ocrx_word' id='word_1_127' title='bbox 1957 2709 2038 2773; x_wconf 93' lang='lat' dir='ltr'>ad</span> <span class='ocrx_word' id='word_1_128' title='bbox 2076 2710 2448 2794; x_wconf 74' lang='lat' dir='ltr'>praedictam</span> 
     </span>
     <span class='ocr_line' id='line_1_20' title="bbox 543 2811 2446 2896; baseline 0.003 -22"><span class='ocrx_word' id='word_1_129' title='bbox 543 2811 965 2894; x_wconf 83' lang='lat' dir='ltr'>processimus</span> <span class='ocrx_word' id='word_1_130' title='bbox 1010 2812 1354 2889; x_wconf 89' lang='lat' dir='ltr'>civitatem,</span> <span class='ocrx_word' id='word_1_131' title='bbox 1396 2811 1478 2875; x_wconf 81' lang='lat' dir='ltr'>ad</span> <span class='ocrx_word' id='word_1_132' title='bbox 1522 2833 1717 2894; x_wconf 89' lang='lat' dir='ltr'>quam</span> <span class='ocrx_word' id='word_1_133' title='bbox 1758 2812 2096 2890; x_wconf 89' lang='lat' dir='ltr'>dominica,</span> <span class='ocrx_word' id='word_1_134' title='bbox 2130 2835 2257 2896; x_wconf 90' lang='lat' dir='ltr'>qua</span> <span class='ocrx_word' id='word_1_135' title='bbox 2299 2836 2446 2882; x_wconf 75' lang='lat' dir='ltr'>can-</span> 
     </span>
     <span class='ocr_line' id='line_1_21' title="bbox 545 2914 2449 3000; baseline 0.001 -22"><span class='ocrx_word' id='word_1_136' title='bbox 545 2921 724 2980; x_wconf 89' lang='lat' dir='ltr'>tatur</span> <span class='ocrx_word' id='word_1_137' title='bbox 753 2915 997 2980; x_wconf 91' lang='lat' dir='ltr'>Vocem</span> <span class='ocrx_word' id='word_1_138' title='bbox 1035 2914 1476 2998; x_wconf 88' lang='lat' dir='ltr'>jocunditatis,</span> <span class='ocrx_word' id='word_1_139' title='bbox 1510 2914 1925 2979; x_wconf 89' lang='lat' dir='ltr'>convenimus</span> <span class='ocrx_word' id='word_1_140' title='bbox 1968 2937 2118 2980; x_wconf 89' lang='lat' dir='ltr'>cum</span> <span class='ocrx_word' id='word_1_141' title='bbox 2161 2919 2449 3000; x_wconf 88' lang='lat' dir='ltr'>personis</span> 
     </span>
     <span class='ocr_line' id='line_1_22' title="bbox 543 3016 2448 3101; baseline 0.002 -21"><span class='ocrx_word' id='word_1_142' title='bbox 543 3018 836 3100; x_wconf 83' lang='lat' dir='ltr'>plurimis</span> <span class='ocrx_word' id='word_1_143' title='bbox 880 3024 946 3082; x_wconf 89' lang='lat' dir='ltr'>et</span> <span class='ocrx_word' id='word_1_144' title='bbox 988 3018 1125 3101; x_wconf 88' lang='lat' dir='ltr'>ipse</span> <span class='ocrx_word' id='word_1_145' title='bbox 1168 3016 1524 3095; x_wconf 86' lang='lat' dir='ltr'>nobiscum,</span> <span class='ocrx_word' id='word_1_146' title='bbox 1557 3023 1625 3080; x_wconf 91' lang='lat' dir='ltr'>et</span> <span class='ocrx_word' id='word_1_147' title='bbox 1664 3037 1812 3081; x_wconf 89' lang='lat' dir='ltr'>cum</span> <span class='ocrx_word' id='word_1_148' title='bbox 1852 3023 2039 3082; x_wconf 83' lang='lat' dir='ltr'>tanta</span> <span class='ocrx_word' id='word_1_149' title='bbox 2082 3018 2448 3084; x_wconf 84' lang='lat' dir='ltr'>humilitate</span> 
     </span>
     <span class='ocr_line' id='line_1_23' title="bbox 548 3121 2448 3205; baseline 0.001 -20"><span class='ocrx_word' id='word_1_150' title='bbox 548 3121 718 3204; x_wconf 91' lang='lat' dir='ltr'>quod</span> <span class='ocrx_word' id='word_1_151' title='bbox 763 3123 975 3186; x_wconf 84' lang='lat' dir='ltr'>fuerat</span> <span class='ocrx_word' id='word_1_152' title='bbox 1025 3121 1397 3185; x_wconf 89' lang='lat' dir='ltr'>condictum</span> <span class='ocrx_word' id='word_1_153' title='bbox 1449 3121 1755 3205; x_wconf 89' lang='lat' dir='ltr'>implevit,</span> <span class='ocrx_word' id='word_1_154' title='bbox 1793 3128 1869 3185; x_wconf 90' lang='lat' dir='ltr'>ut</span> <span class='ocrx_word' id='word_1_155' title='bbox 1911 3121 2085 3185; x_wconf 89' lang='lat' dir='ltr'>illius</span> <span class='ocrx_word' id='word_1_156' title='bbox 2130 3122 2448 3186; x_wconf 85' lang='lat' dir='ltr'>exstitisse</span> 
     </span>
     <span class='ocr_line' id='line_1_24' title="bbox 546 3222 2447 3308; baseline 0.002 -20"><span class='ocrx_word' id='word_1_157' title='bbox 546 3246 706 3308; x_wconf 91' lang='lat' dir='ltr'>opus</span> <span class='ocrx_word' id='word_1_158' title='bbox 751 3225 890 3288; x_wconf 92' lang='lat' dir='ltr'>sine</span> <span class='ocrx_word' id='word_1_159' title='bbox 933 3222 1336 3287; x_wconf 86' lang='lat' dir='ltr'>dubitatione</span> <span class='ocrx_word' id='word_1_160' title='bbox 1377 3223 1694 3300; x_wconf 86' lang='lat' dir='ltr'>credatur,</span> <span class='ocrx_word' id='word_1_161' title='bbox 1743 3224 1855 3306; x_wconf 91' lang='lat' dir='ltr'>qui</span> <span class='ocrx_word' id='word_1_162' title='bbox 1897 3224 2157 3306; x_wconf 86' lang='lat' dir='ltr'>respicit</span> <span class='ocrx_word' id='word_1_163' title='bbox 2207 3231 2447 3292; x_wconf 86' lang='lat' dir='ltr'>terram</span> 
     </span>
     <span class='ocr_line' id='line_1_25' title="bbox 548 3324 2444 3407; baseline 0 -18"><span class='ocrx_word' id='word_1_164' title='bbox 548 3332 614 3389; x_wconf 86' lang='lat' dir='ltr'>et</span> <span class='ocrx_word' id='word_1_165' title='bbox 643 3324 797 3389; x_wconf 85' lang='lat' dir='ltr'>facit</span> <span class='ocrx_word' id='word_1_166' title='bbox 827 3345 970 3388; x_wconf 92' lang='lat' dir='ltr'>eam</span> <span class='ocrx_word' id='word_1_167' title='bbox 997 3330 1295 3400; x_wconf 90' lang='lat' dir='ltr'>tremere,</span> <span class='ocrx_word' id='word_1_168' title='bbox 1327 3324 1439 3406; x_wconf 91' lang='lat' dir='ltr'>qui</span> <span class='ocrx_word' id='word_1_169' title='bbox 1469 3324 1683 3406; x_wconf 86' lang='lat' dir='ltr'>tangit</span> <span class='ocrx_word' id='word_1_170' title='bbox 1723 3330 1976 3386; x_wconf 89' lang='lat' dir='ltr'>montes</span> <span class='ocrx_word' id='word_1_171' title='bbox 2006 3330 2073 3387; x_wconf 88' lang='lat' dir='ltr'>et</span> <span class='ocrx_word' id='word_1_172' title='bbox 2101 3325 2444 3407; x_wconf 77' lang='lat' dir='ltr'>fumigant.</span> 
     </span>
     <span class='ocr_line' id='line_1_26' title="bbox 552 3422 2447 3511; baseline -0.002 -18"><span class='ocrx_word' id='word_1_173' title='bbox 552 3430 723 3494; x_wconf 87' lang='lat' dir='ltr'>Sane</span> <span class='ocrx_word' id='word_1_174' title='bbox 776 3448 969 3511; x_wconf 86' lang='lat' dir='ltr'>qnam</span> <span class='ocrx_word' id='word_1_175' title='bbox 1013 3426 1387 3490; x_wconf 88' lang='lat' dir='ltr'>timoratum</span> <span class='ocrx_word' id='word_1_176' title='bbox 1435 3425 1596 3503; x_wconf 90' lang='lat' dir='ltr'>Deo,</span> <span class='ocrx_word' id='word_1_177' title='bbox 1644 3446 1840 3508; x_wconf 91' lang='lat' dir='ltr'>quam</span> <span class='ocrx_word' id='word_1_178' title='bbox 1892 3422 2300 3489; x_wconf 82' lang='lat' dir='ltr'>obedientem</span> <span class='ocrx_word' id='word_1_179' title='bbox 2347 3447 2447 3491; x_wconf 90' lang='lat' dir='ltr'>ec-</span> 
     </span>
     <span class='ocr_line' id='line_1_27' title="bbox 545 3528 2449 3612; baseline -0.002 -15"><span class='ocrx_word' id='word_1_180' title='bbox 545 3533 753 3598; x_wconf 82' lang='lat' dir='ltr'>elesiae</span> <span class='ocrx_word' id='word_1_181' title='bbox 795 3553 863 3596; x_wconf 88' lang='lat' dir='ltr'>se</span> <span class='ocrx_word' id='word_1_182' title='bbox 907 3529 1222 3595; x_wconf 87' lang='lat' dir='ltr'>curaverit</span> <span class='ocrx_word' id='word_1_183' title='bbox 1267 3528 1584 3607; x_wconf 86' lang='lat' dir='ltr'>exhibere,</span> <span class='ocrx_word' id='word_1_184' title='bbox 1624 3549 1758 3592; x_wconf 89' lang='lat' dir='ltr'>non</span> <span class='ocrx_word' id='word_1_185' title='bbox 1803 3534 1902 3591; x_wconf 84' lang='lat' dir='ltr'>est</span> <span class='ocrx_word' id='word_1_186' title='bbox 1945 3548 2104 3611; x_wconf 89' lang='lat' dir='ltr'>opus</span> <span class='ocrx_word' id='word_1_187' title='bbox 2147 3531 2449 3612; x_wconf 78' lang='lat' dir='ltr'>praesenti</span> 
     </span>
     <span class='ocr_line' id='line_1_28' title="bbox 545 3631 2446 3716; baseline -0.003 -15"><span class='ocrx_word' id='word_1_188' title='bbox 545 3635 1021 3701; x_wconf 89' lang='lat' dir='ltr'>abbreviatione</span> <span class='ocrx_word' id='word_1_189' title='bbox 1047 3633 1298 3697; x_wconf 84' lang='lat' dir='ltr'>referre.</span> <span class='ocrx_word' id='word_1_190' title='bbox 1380 3632 1551 3696; x_wconf 87' lang='lat' dir='ltr'>Satis</span> <span class='ocrx_word' id='word_1_191' title='bbox 1581 3632 1757 3696; x_wconf 90' lang='lat' dir='ltr'>enim</span> <span class='ocrx_word' id='word_1_192' title='bbox 1792 3631 1992 3716; x_wconf 90' lang='lat' dir='ltr'>ipsius</span> <span class='ocrx_word' id='word_1_193' title='bbox 2022 3652 2214 3715; x_wconf 87' lang='lat' dir='ltr'>opera</span> <span class='ocrx_word' id='word_1_194' title='bbox 2240 3632 2446 3697; x_wconf 91' lang='lat' dir='ltr'>mani-</span> 
     </span>
     <span class='ocr_line' id='line_1_29' title="bbox 544 3727 2448 3819; baseline -0.001 -16"><span class='ocrx_word' id='word_1_195' title='bbox 544 3741 785 3805; x_wconf 86' lang='lat' dir='ltr'>festant</span> <span class='ocrx_word' id='word_1_196' title='bbox 842 3727 937 3803; x_wconf 65' lang='lat' dir='ltr'>et⁴</span> <span class='ocrx_word' id='word_1_197' title='bbox 966 3736 1475 3802; x_wconf 84' lang='lat' dir='ltr'>manifestabunt</span> <span class='ocrx_word' id='word_1_198' title='bbox 1535 3736 1746 3801; x_wconf 89' lang='lat' dir='ltr'>adhuc</span> <span class='ocrx_word' id='word_1_199' title='bbox 1816 3736 2089 3819; x_wconf 86' lang='lat' dir='ltr'>plenius,</span> <span class='ocrx_word' id='word_1_200' title='bbox 2151 3735 2317 3801; x_wconf 85' lang='lat' dir='ltr'>sicut</span> <span class='ocrx_word' id='word_1_201' title='bbox 2381 3745 2448 3802; x_wconf 90' lang='lat' dir='ltr'>et</span> 
     </span>
     <span class='ocr_line' id='line_1_30' title="bbox 547 3839 1742 3926; baseline -0.003 -21"><span class='ocrx_word' id='word_1_202' title='bbox 547 3842 733 3907; x_wconf 89' lang='lat' dir='ltr'>nobis</span> <span class='ocrx_word' id='word_1_203' title='bbox 763 3862 904 3926; x_wconf 87' lang='lat' dir='ltr'>spes</span> <span class='ocrx_word' id='word_1_204' title='bbox 935 3840 1088 3905; x_wconf 84' lang='lat' dir='ltr'>data</span> <span class='ocrx_word' id='word_1_205' title='bbox 1115 3845 1213 3904; x_wconf 87' lang='lat' dir='ltr'>est</span> <span class='ocrx_word' id='word_1_206' title='bbox 1242 3839 1314 3902; x_wconf 92' lang='lat' dir='ltr'>in</span> <span class='ocrx_word' id='word_1_207' title='bbox 1342 3839 1659 3903; x_wconf 81' lang='lat' dir='ltr'>futurum.</span> <span class='ocrx_word' id='word_1_208' title='bbox 1731 3867 1742 3874; x_wconf 63' lang='lat'><em>¹</em></span> 
     </span>
     <span class='ocr_line' id='line_1_31' title="bbox 628 3942 2448 4027; baseline 0 -18"><span class='ocrx_word' id='word_1_209' title='bbox 628 3945 920 4009; x_wconf 86' lang='lat' dir='ltr'>Primum</span> <span class='ocrx_word' id='word_1_210' title='bbox 975 3944 1195 4027; x_wconf 87' lang='lat' dir='ltr'>itaque</span> <span class='ocrx_word' id='word_1_211' title='bbox 1247 3962 1438 4026; x_wconf 87' lang='lat' dir='ltr'>super</span> <span class='ocrx_word' id='word_1_212' title='bbox 1487 3949 1763 4008; x_wconf 84' lang='lat' dir='ltr'>mortem</span> <span class='ocrx_word' id='word_1_213' title='bbox 1822 3947 2063 4007; x_wconf 80' lang='lat' dir='ltr'>sanctae</span> <span class='ocrx_word' id='word_1_214' title='bbox 2121 3942 2448 4009; x_wconf 74' lang='lat' dir='ltr'>memoriae</span> 
     </span>
     <span class='ocr_line' id='line_1_32' title="bbox 548 4044 2447 4130; baseline 0 -19"><span class='ocrx_word' id='word_1_215' title='bbox 548 4045 818 4111; x_wconf 76' lang='lat' dir='ltr'>Thomas</span> <span class='ocrx_word' id='word_1_216' title='bbox 847 4047 1172 4130; x_wconf 85' lang='lat' dir='ltr'>quondam</span> <span class='ocrx_word' id='word_1_217' title='bbox 1202 4045 1685 4110; x_wconf 83' lang='lat' dir='ltr'>Cantuariensis</span> <span class='ocrx_word' id='word_1_218' title='bbox 1716 4044 2168 4129; x_wconf 87' lang='lat' dir='ltr'>archiepiscopi</span> <span class='ocrx_word' id='word_1_219' title='bbox 2198 4068 2331 4110; x_wconf 91' lang='lat' dir='ltr'>non</span> <span class='ocrx_word' id='word_1_220' title='bbox 2366 4047 2447 4111; x_wconf 88' lang='lat' dir='ltr'>de</span> 
     </span>
     <span class='ocr_line' id='line_1_33' title="bbox 550 4147 2447 4231; baseline 0 -18"><span class='ocrx_word' id='word_1_221' title='bbox 550 4157 772 4216; x_wconf 88' lang='lat' dir='ltr'>nostra</span> <span class='ocrx_word' id='word_1_222' title='bbox 799 4149 1144 4227; x_wconf 85' lang='lat' dir='ltr'>exactione,</span> <span class='ocrx_word' id='word_1_223' title='bbox 1178 4147 1290 4213; x_wconf 88' lang='lat' dir='ltr'>sed</span> <span class='ocrx_word' id='word_1_224' title='bbox 1336 4147 1415 4212; x_wconf 90' lang='lat' dir='ltr'>de</span> <span class='ocrx_word' id='word_1_225' title='bbox 1452 4147 1712 4231; x_wconf 74' lang='lat' dir='ltr'>propria</span> <span class='ocrx_word' id='word_1_226' title='bbox 1738 4148 2090 4227; x_wconf 89' lang='lat' dir='ltr'>voluntate,</span> <span class='ocrx_word' id='word_1_227' title='bbox 2120 4150 2309 4213; x_wconf 85' lang='lat' dir='ltr'>tactis</span> <span class='ocrx_word' id='word_1_228' title='bbox 2349 4170 2447 4213; x_wconf 86' lang='lat' dir='ltr'>sa-</span> 
     </span>
     <span class='ocr_line' id='line_1_34' title="bbox 550 4250 2444 4335; baseline -0.002 -19"><span class='ocrx_word' id='word_1_229' title='bbox 550 4252 899 4316; x_wconf 84' lang='lat' dir='ltr'>crosanctis</span> <span class='ocrx_word' id='word_1_230' title='bbox 938 4251 1301 4335; x_wconf 85' lang='lat' dir='ltr'>evangeliis,</span> <span class='ocrx_word' id='word_1_231' title='bbox 1334 4272 1518 4315; x_wconf 84' lang='lat' dir='ltr'>suam</span> <span class='ocrx_word' id='word_1_232' title='bbox 1555 4250 2014 4315; x_wconf 82' lang='lat' dir='ltr'>conscientiam</span> <span class='ocrx_word' id='word_1_233' title='bbox 2050 4252 2444 4334; x_wconf 83' lang='lat' dir='ltr'>expurgavit,</span> 
     </span>
     <span class='ocr_line' id='line_1_35' title="bbox 542 4352 2446 4440; baseline -0.002 -22"><span class='ocrx_word' id='word_1_234' title='bbox 542 4356 771 4440; x_wconf 77' lang='lat' dir='ltr'>jurans</span> <span class='ocrx_word' id='word_1_235' title='bbox 829 4352 1122 4417; x_wconf 85' lang='lat' dir='ltr'>videlicet</span> <span class='ocrx_word' id='word_1_236' title='bbox 1181 4353 1353 4437; x_wconf 84' lang='lat' dir='ltr'>quod</span> <span class='ocrx_word' id='word_1_237' title='bbox 1409 4374 1529 4418; x_wconf 87' lang='lat' dir='ltr'>nec</span> <span class='ocrx_word' id='word_1_238' title='bbox 1586 4353 1891 4437; x_wconf 72' lang='lat' dir='ltr'>praecepit</span> <span class='ocrx_word' id='word_1_239' title='bbox 1933 4374 2054 4418; x_wconf 88' lang='lat' dir='ltr'>nec</span> <span class='ocrx_word' id='word_1_240' title='bbox 2104 4354 2325 4430; x_wconf 92' lang='lat' dir='ltr'>voluit,</span> <span class='ocrx_word' id='word_1_241' title='bbox 2380 4358 2446 4415; x_wconf 88' lang='lat' dir='ltr'>et</span> 
     </span>
     <span class='ocr_line' id='line_1_36' title="bbox 10 4411 2447 4541; baseline -0.001 -21"><span class='ocrx_word' id='word_1_242' title='bbox 10 4411 13 4502; x_wconf 64' lang='grc' dir='ltr'>Ι</span> <span class='ocrx_word' id='word_1_243' title='bbox 549 4455 809 4541; x_wconf 86' lang='lat' dir='ltr'>quando</span> <span class='ocrx_word' id='word_1_244' title='bbox 838 4455 1099 4534; x_wconf 75' lang='lat' dir='ltr'>audivit,</span> <span class='ocrx_word' id='word_1_245' title='bbox 1133 4453 1338 4519; x_wconf 79' lang='lat' dir='ltr'>doluit</span> <span class='ocrx_word' id='word_1_246' title='bbox 1365 4456 1797 4521; x_wconf 90' lang='lat' dir='ltr'>vehementer.</span> <span class='ocrx_word' id='word_1_247' title='bbox 1891 4455 2064 4522; x_wconf 76' lang='lat' dir='ltr'>Quia</span> <span class='ocrx_word' id='word_1_248' title='bbox 2092 4475 2239 4518; x_wconf 90' lang='lat' dir='ltr'>vero</span> <span class='ocrx_word' id='word_1_249' title='bbox 2274 4454 2447 4538; x_wconf 90' lang='lat' dir='ltr'>quod</span> 
     </span>
     <span class='ocr_line' id='line_1_37' title="bbox 10 4557 2446 4664; baseline -0.002 -37"><span class='ocrx_word' id='word_1_250' title='bbox 10 4573 13 4664; x_wconf 77' lang='grc' dir='ltr'>Ι</span> <span class='ocrx_word' id='word_1_251' title='bbox 546 4562 790 4626; x_wconf 78' lang='lat' dir='ltr'>factum</span> <span class='ocrx_word' id='word_1_252' title='bbox 817 4561 1029 4624; x_wconf 82' lang='lat' dir='ltr'>fuerat</span> <span class='ocrx_word' id='word_1_253' title='bbox 1069 4580 1146 4624; x_wconf 88' lang='lat' dir='ltr'>ex</span> <span class='ocrx_word' id='word_1_254' title='bbox 1187 4581 1305 4624; x_wconf 88' lang='lat' dir='ltr'>sua</span> <span class='ocrx_word' id='word_1_255' title='bbox 1337 4559 1668 4624; x_wconf 87' lang='lat' dir='ltr'>occasione</span> <span class='ocrx_word' id='word_1_256' title='bbox 1701 4560 1947 4624; x_wconf 74' lang='lat' dir='ltr'>factum</span> <span class='ocrx_word' id='word_1_257' title='bbox 1986 4578 2126 4622; x_wconf 87' lang='lat' dir='ltr'>esse</span> <span class='ocrx_word' id='word_1_258' title='bbox 2153 4557 2446 4637; x_wconf 88' lang='lat' dir='ltr'>timebat,</span> 
     </span>
    </p>
   </div>
  </div>
 </body>
</html>
