3200 5392
522 990 659 1034 Aa).
699 972 1091 1055 1161—89.]
1193 990 1527 1035 nrlsroLAE
1560 991 1885 1042 QUAEDAM.
2346 973 2432 1038 67

528 1130 808 1195 ecclesiae
835 1137 903 1195 te
929 1131 1167 1196 habere
1198 1132 1664 1214 cognoscimus,
1695 1138 1943 1215 gratam
1977 1138 2434 1214 acceptamque

527 1239 844 1312 tenemus,
876 1240 944 1299 et
988 1256 1131 1298 eam
1162 1235 1341 1298 ¹sicut
1387 1233 1899 1298 commendanda
1942 1240 2040 1298 est
2082 1234 2434 1318 plurimum

526 1335 597 1400 in
657 1338 938 1401 Domino
990 1339 1535 1417 commendamus,
1587 1338 1850 1402 firmum
1906 1339 2308 1422 propositum
2366 1346 2434 1404 et

525 1449 888 1525 promptam
927 1443 1328 1507 voluntatem
1364 1442 1701 1519 habentes,
1741 1463 2082 1525 personam
2121 1449 2306 1506 tuam
2351 1441 2431 1504 si-

525 1551 636 1608 cut
676 1545 985 1608 carissimi
1028 1545 1244 1608 fratris
1287 1544 1497 1608 nostri
1540 1543 1787 1607 sincera
1829 1545 1900 1606 in
1945 1545 2231 1608 Domino
2272 1546 2430 1608 cari-

521 1655 659 1712 tate
703 1650 990 1733 diligere,
1034 1650 1379 1733 petitiones
1426 1657 1573 1714 tuas
1621 1651 1901 1715 libenter
1948 1651 2311 1732 admittere,
2359 1674 2433 1717 ac

523 1752 645 1816 tibi
687 1774 804 1836 pro
847 1760 1034 1817 tanta
1081 1753 1438 1832 devotione,
1489 1761 1751 1818 auctore
1798 1755 2100 1834 Domino,
2147 1757 2433 1820 intendi-

525 1876 672 1919 mus
712 1856 961 1919 utiliter
999 1857 1403 1939 respondere.
1496 1857 1669 1922 Quia
1707 1879 1856 1922 vero
1898 1857 2147 1922 bonum
2189 1859 2430 1942 incoep-

523 1964 668 2021 tum
718 1958 868 2022 finis
916 1959 1240 2023 laudabile
1289 1959 1521 2037 reddit,
1574 1960 2047 2025 fraternitatem
2097 1968 2301 2040 tuam,
2352 1961 2432 2025 de

528 2081 656 2142 qua
687 2061 1125 2143 plenissimam
1163 2062 1463 2125 fiduciam
1505 2062 1893 2141 obtinemus,
1934 2085 2049 2146 per
2089 2057 2435 2146 apostolica

527 2164 765 2246 scripta
810 2184 1131 2245 rogamuS,
1180 2185 1557 2242 monemus,
1592 2172 1658 2228 et
1710 2165 2124 2229 exhortamur
2174 2166 2247 2229 in
2299 2167 2432 2229 Do-

528 2263 725 2343 min0,
759 2265 1083 2347 quatinuS,
1116 2265 1281 2328 sicut
1324 2265 1491 2328 bene
1536 2273 1601 2328 et
1645 2266 2053 2330 laudabiliter
2089 2266 2431 2350 incoepisti,

524 2367 596 2430 in
645 2366 980 2431 devotione
1031 2373 1098 2431 et
1148 2368 1458 2432 fidelitate
1506 2375 1746 2431 sanctae
1793 2369 2104 2432 Romanae
2154 2368 2436 2432 ecclesiae

529 2490 602 2533 ac
646 2476 869 2533 nostra
911 2471 1134 2533 firmus
1182 2475 1248 2533 et
1294 2469 1641 2534 immobilis
1683 2490 2065 2553 perseveres,
2113 2477 2307 2553 atque
2353 2470 2435 2534 ad

526 2572 727 2655 ipsius
758 2573 1216 2637 exaltationem
1246 2572 1452 2636 modis
1483 2571 1783 2636 omnibus
1813 2572 2099 2636 enitaris.

617 2672 824 2758 Super
851 2675 1106 2738 falsario
1137 2681 1358 2738 autem
1386 2675 1599 2738 Adam
1628 2674 1924 2738 videlicet
1969 2674 2161 2752 dicto,
2195 2674 2274 2738 de
2305 2696 2433 2758 quo

526 2770 712 2841 nobis
743 2778 1069 2861 scripsisti,
1100 2778 1169 2841 id
1198 2777 1319 2841 tibi
1350 2777 1651 2840 duximus
1687 2777 2229 2859 respondendum,
2263 2777 2437 2860 quod

528 2899 677 2943 eum
708 2879 1001 2943 videlicet
1043 2880 1096 2942 si
1136 2901 1414 2963 praesens
1452 2879 1555 2942 vel
1595 2878 1825 2942 absens
1866 2885 1984 2956 est,
2018 2879 2194 2942 omni
2234 2879 2434 2942 eccle·

527 2980 783 3043 siastico
812 2976 1018 3045 officio
1048 2987 1115 3044 et
1144 2980 1454 3044 beneficio
1483 3002 1619 3044 non
1648 2980 1902 3043 differas
1932 2988 2243 3063 perpetuo
2288 3003 2430 3064 spo-

525 3081 702 3160 liare,
735 3087 801 3146 et
843 3083 898 3145 si
935 3082 1007 3145 in
1045 3089 1283 3146 terram
1323 3082 1609 3160 redierit,
1641 3103 1792 3145 eum
1821 3103 2047 3165 capere
2080 3082 2339 3147 studeas
2370 3089 2436 3146 et

509 3184 600 3265 *in
630 3192 807 3249 arcto
833 3186 1225 3250 monasterio
1264 3186 1578 3263 retrudaS,
1613 3189 1679 3248 et
1717 3184 1959 3248 ibidem
1988 3184 2181 3248 facias
2213 3206 2436 3270 perpe-

527 3287 661 3350 tuis
698 3282 1097 3370 temporibus
1135 3306 1487 3351 remanere.
1582 3287 1757 3350 Data
1786 3287 1959 3368 Agn.
1992 3286 2108 3351 III
2138 3288 2436 3354 calendas

532 3387 797 3471 Aprilis.

626 3678 1070 3745 EPISTOLA
1116 3679 1888 3745 CCCXLV.--Ewsnnu
1921 3701 2013 3745 An
2045 3699 2334 3745 EUNDEM

1218 3803 1299 3845 m
1331 3803 1750 3873 nummum,

532 3931 892 3995 Alexander
934 3933 1250 4014 episcopus
1291 3952 1503 3996 servus
1544 3952 1857 3995 servorum
1891 3933 2036 4010 Dei,
2071 3931 2439 3996 venerabili-

620 4035 729 4098 bus
768 4034 1089 4116 fratribus
1146 4038 1214 4100 T.
1262 4036 1697 4099 Cantuariensi
1744 4036 2200 4137 archiepiscopo
2247 4040 2308 4098 et
2360 4036 2439 4099 G.

615 4138 1032 4202 Londoniemz‘
1078 4140 1381 4221 episcope,
1419 4140 1681 4202 salutem
1721 4143 1782 4236 et
1821 4139 2223 4219 apostolicam
2264 4137 2437 4202 bene-

627 4240 971 4306 dictionem.

625 4388 707 4454 In
747 4389 922 4454 beati
965 4391 1155 4455 Petri'
1189 4391 1622 4474 apostolorum
1663 4390 1970 4473 principis
2013 4387 2320 4454 cathedra
2363 4406 2443 4449 ex

538 4495 770 4560 divinae
815 4494 1306 4577 dispensationis
1354 4494 1618 4559 arbitrio
1664 4493 2038 4569 residentes,
2088 4490 2178 4553 sic
2225 4489 2444 4552 omnia

536 4599 607 4662 in
646 4597 791 4663 Dei·
809 4598 1073 4662 ecclesia
1102 4597 1469 4682 dispensare
1500 4595 1828 4673 debemuS,
1860 4605 1937 4657 ut
1966 4592 2205 4671 nullus,
2240 4611 2444 4672 quan·-

1441 4719 1476 4759 r
1509 4701 1548 4760 2
