3200 5392
738 828 872 894 316
1418 847 1787 896 rai-:nemci
1823 851 1968 894 mr.

734 964 997 1043 diolani,
1030 964 1269 1043 Laone,
1307 971 1501 1047 atque
1547 965 1617 1027 in
1666 963 1927 1028 diversis
1970 964 2223 1048 imperii
2269 963 2527 1042 finibus,
2571 964 2641 1027 in

736 1089 998 1151 corpore
1038 1075 1259 1133 nostro
1298 1069 1568 1145 labores,
1610 1075 1745 1132 tam
1793 1089 1912 1132 nos
1961 1089 2155 1150 quam
2199 1067 2419 1131 invicti
2466 1068 2641 1151 prin-

735 1172 906 1255 cipes
938 1173 1141 1235 nostri
1180 1172 1653 1255 pertulerimus,
1686 1179 1963 1253 quantas
2009 1188 2226 1234 rerum
2266 1170 2477 1253 copias
2508 1170 2644 1234 zelo

728 1275 999 1359 justitiae
1057 1275 1578 1359 impenderimus,
1631 1274 1702 1338 in
1754 1275 2056 1338 extremis
2107 1294 2361 1357 quoque
2413 1273 2641 1336 mundi

733 1377 1024 1461 partibus
1047 1379 1183 1461 jam
1214 1378 1504 1442 auditum
1538 1399 1673 1441 non
1704 1376 2097 1441 dubitamus.
2167 1376 2463 1459 Denique
2492 1376 2640 1439 bea-

731 1479 980 1542 tissimo
1018 1500 1184 1562 papa
1212 1480 1474 1543 Victore
1514 1479 1596 1542 ad
1639 1478 1915 1562 paradisi
1962 1478 2194 1561 gaudia
2231 1478 2505 1542 feliciter
2543 1500 2640 1542 as-

737 1591 1013 1666 sumpto,
1046 1591 1113 1645 et
1142 1582 1212 1644 in
1243 1583 1379 1666 ejus
1408 1582 1622 1645 locum
1654 1581 1735 1645 ab
1766 1581 2075 1665 episcopis
2105 1588 2172 1645 et
2211 1581 2641 1646 cardinalibus

736 1685 921 1748 almae
968 1684 1136 1748 sedis
1183 1684 1543 1766 apostolicae
1591 1684 1854 1748 domino
1894 1684 2208 1761 Paschali,
2250 1684 2385 1748 viro
2425 1684 2641 1747 Chris-

734 1787 1112 1864 tianissimo,
1142 1788 1213 1850 in
1241 1788 1583 1871 praesentia
1623 1787 2064 1871 episcoporum
2104 1794 2171 1851 et
2198 1787 2640 1869 religiosorum

737 1890 1142 1955 Lombardiae
1187 1912 1260 1954 ac
1295 1891 1560 1969 Tusciae,
1591 1891 1860 1954 illustris
1906 1911 2159 1973 quoque
2204 1889 2382 1953 urbis
2418 1890 2642 1953 Romae

734 1994 1020 2077 praefecti
1055 2016 1130 2057 ac
1165 1994 1519 2058 multorum
1561 1992 1878 2058 nobilium
1922 1994 2382 2070 Romanorum,
2423 1993 2640 2056 catho-

735 2097 857 2160 lice
886 2096 1258 2175 substituto,
1290 2097 1502 2179 ipsum
1544 2096 1742 2160 etiam
1786 2096 2119 2160 dominum
2154 2096 2527 2159 Paschalem
2563 2116 2642 2158 ex

734 2200 1013 2265 ecclesiae
1057 2222 1131 2264 ac
1175 2200 1535 2284 principum
1574 2200 1826 2283 imperii
1856 2199 2103 2284 judicio
2149 2206 2341 2283 atque
2378 2201 2642 2263 consilio

735 2303 804 2365 in
850 2324 1082 2387 papam
1128 2310 1194 2366 et
1238 2310 1488 2386 patrem
1530 2303 1937 2366 Catholicum
1986 2303 2359 2366 solemniter
2402 2303 2640 2385 recepi-

731 2428 896 2484 muS,
928 2406 1271 2489 debitoque
1309 2407 1553 2470 honore
1591 2406 1881 2469 venerari
1928 2426 2180 2489 semper
2220 2406 2639 2469 intendimus.

734 2509 1014 2574 Proinde
1061 2510 1386 2575 obstinata
1436 2510 1988 2574 schismaticorum
2036 2509 2318 2592 perfidia,
2366 2517 2638 2573 mortem

732 2612 851 2674 viri
890 2612 1054 2696 justi
1102 2612 1233 2675 suis
1282 2612 1678 2677 successibus
1726 2620 1947 2696 aperta
1992 2612 2205 2675 fronte
2252 2609 2637 2688 adscribens,

736 2715 1000 2777 Sireniis
1045 2715 1175 2778 suis
1221 2713 1554 2779 blanditiis
1599 2715 2005 2798 quorundam
2054 2715 2340 2778 fidelium
2387 2721 2638 2778 nostro-

730 2838 879 2880 rum
910 2817 1156 2881 animos
1187 2817 1346 2881 adeo
1374 2817 1599 2881 molita
1632 2824 1730 2882 est
1761 2818 1975 2881 denuo
2013 2818 2378 2895 immutare,
2408 2824 2486 2880 ut
2515 2817 2641 2880 nisi

731 2919 914 2983 novis
960 2919 1199 2983 morbis
1258 2942 1424 2984 nova
1482 2920 1801 2984 maturius
1852 2919 2138 2983 remedia
2187 2918 2637 3003 objicerentur,

729 3044 876 3106 pars
926 3030 1295 3088 nostrorum
1356 3045 1490 3087 non
1549 3023 1805 3088 modica
1854 3022 2227 3085 viderentur
2277 3044 2355 3085 ex
2406 3023 2640 3085 fiducia

731 3133 968 3190 nostrae
1015 3126 1300 3190 lenitatis
1342 3125 1723 3190 seducenda.
1816 3125 2031 3207 Igitur
2074 3124 2212 3189 zelo
2247 3125 2638 3189 reformandi

734 3228 975 3291 decoris
1023 3228 1250 3292 domus
1299 3228 1424 3292 Dei
1473 3228 1806 3292 ardentius
1854 3227 2123 3303 accensi,
2171 3249 2371 3310 quum
2417 3248 2639 3311 regem

731 3332 1145 3410 Francorum,
1199 3331 1306 3414 qui
1357 3332 1538 3395 nulla
1587 3338 1810 3394 nostra
1859 3329 2048 3413 culpa
2106 3338 2454 3413 praeeunte,
2508 3354 2640 3395 una

731 3455 879 3498 cum
926 3434 1239 3511 Rolando‚
1272 3434 1523 3517 imperii
1565 3432 1774 3498 nostri
1819 3434 2007 3497 hoste
2050 3433 2328 3516 public0,
2376 3434 2638 3518 ejusque

734 3536 1170 3622 sequentibus,
1201 3537 1591 3620 imperialem
1625 3543 1919 3600 nostrum
1959 3536 2272 3599 honorem
2302 3536 2636 3599 manifeste

732 3641 996 3705 molitur
1038 3640 1306 3717 auferre,
1338 3647 1482 3723 post
1521 3640 1760 3704 multos
1795 3645 2047 3703 nostros
2088 3638 2452 3702 admonitus
2479 3637 2635 3699 irre-

729 3743 1079 3807 vocabilem
1116 3743 1666 3826 persensissemus,
1698 3739 2011 3806 universis
2046 3739 2296 3823 imperii
2332 3738 2634 3822 principi-

729 3845 851 3909 bus
879 3846 953 3908 in
981 3852 1205 3908 sancto
1236 3846 1618 3910 Pentecoste
1660 3845 1906 3909 curiam
1938 3842 2339 3907 Wichebuch
2370 3863 2635 3924 genera-

729 3949 867 4011 lem.
900 3947 1266 4009 indiximus.
1371 3948 1667 4012 Quorum
1712 3955 1888 4013 coetu
1931 3946 2344 4011 celeberrimo
2391 3946 2637 4010 ibidem

730 4050 1081 4115 solenniter
1108 4049 1510 4132 praesidente,
1542 4050 1824 4115 ecclesiae
1856 4051 1981 4114 Dei
2011 4057 2254 4114 statum
2290 4070 2364 4113 ac
2394 4048 2638 4113 domini

728 4176 910 4238 papae
939 4152 1262 4217 Paschalis
1292 4153 1629 4235 negotium
1659 4154 1822 4217 serio
1852 4174 1927 4216 ac
1966 4153 2308 4235 magnifice
2338 4151 2637 4215 duximus

727 4257 1181 4322 roborandum.
1272 4256 1580 4320 Invocata
1635 4256 1837 4338 igitur
1896 4255 2306 4319 devotissime
2361 4254 2638 4337 Spiritus

714 4361 956 4425 Sancti
1005 4360 1232 4443 gratia,
1283 4366 1349 4423 et
1396 4359 1837 4422 universorum
1889 4359 1999 4441 qui
2051 4358 2322 4421 aderant
2373 4357 2637 4420 consilio

716 4463 920 4526 altius
962 4462 1454 4538 communicato,
1500 4461 1575 4525 ad
1621 4461 2071 4525 removendam
2110 4482 2225 4544 pro
2265 4465 2449 4542 parte
2488 4480 2635 4524 nos-
