3200 5392
601 903 738 946 Ad).
779 882 1171 966 1161—89.]
1273 903 1606 946 nns'rOLAE
1638 901 1963 953 QUAEDAM.
2376 836 2502 946 245

597 1027 831 1103 potest.
921 1021 1010 1084 Et
1051 1021 1158 1084 hic
1201 1020 1379 1099 mihi,
1412 1026 1488 1084 ut
1532 1020 1692 1085 tutis
1739 1020 2001 1084 auribus
2043 1020 2286 1104 loquar,
2334 1020 2506 1091 exilii

598 1122 814 1186 sedem
862 1123 1045 1205 elegi,
1093 1143 1239 1185 cum
1287 1121 1549 1185 tortoris
1598 1122 1805 1186 nostri
1856 1122 2183 1186 molestias
2233 1123 2504 1187 ulterius

598 1227 914 1290 sustinere
946 1248 1082 1290 non
1110 1234 1353 1310 potero.

685 1330 877 1395 Quod
907 1351 1055 1395 vero
1087 1329 1382 1407 scribitis,
1414 1335 1490 1392 ut
1528 1328 1792 1411 negotia
1828 1334 2040 1392 vestra
2078 1328 2325 1395 nemini
2369 1351 2503 1394 cre-

596 1431 763 1510 dam,
796 1432 921 1496 nisi
962 1432 1079 1496 soli
1120 1454 1373 1495 summo
1411 1431 1720 1515 pontifici,
1752 1437 1819 1495 et
1848 1431 2085 1496 Pisano
2116 1440 2358 1511 nostro,
2391 1433 2502 1497 ad-

586 1536 834 1618 jecisse,
866 1535 994 1599 nisi
1022 1535 1226 1613 fallor,
1253 1534 1618 1599 debueratis
1648 1533 1843 1597 etiam
1874 1535 2265 1599 cardinalem
2296 1537 2504 1600 sancti

594 1637 931 1702 Laurentii
988 1637 1370 1720 magistrum
1427 1635 1795 1713 Albertum,
1859 1658 2045 1719 quem
2109 1637 2502 1720 profectibus

592 1742 818 1805 vestris
860 1740 1172 1805 deservire
1218 1740 1532 1817 existimO,
1575 1760 1711 1803 non
1748 1747 1887 1803 tam
1924 1761 2213 1823 personae
2252 1749 2529 1820 vestrae,·

594 1867 787 1927 quam
828 1845 1073 1926 negotii
1111 1844 1358 1907 intuitu
1384 1868 1396 1906 τ
1445 1843 1596 1925 quia
1624 1864 1735 1906 vos
1764 1865 1901 1906 11011
1931 1851 2223 1923 vestram,
2259 1845 2371 1908 sed
2401 1866 2501 1908 ec-

594 1946 801 2009 clesiae
841 1967 1099 2008 causam
1145 1943 1494 2026 suscepisse
1535 1951 1601 2007 et
1641 1951 2036 2026 protestatur
2079 1953 2145 2009 et
2190 1948 2499 2029 agnoscit.

592 2049 735 2130 Ego
765 2054 983 2111 tamen
1013 2048 1293 2125 interim,
1325 2045 1452 2109 nisi
1491 2068 1658 2109 novo
1700 2068 1737 2109 a
1776 2047 1953 2110 vobis
1995 2056 2288 2130 suscepto
2318 2072 2501 2113 man-

594 2151 765 2229 date,
789 2153 950 2215 fines
980 2151 1141 2213 mihi
1171 2150 1571 2234 praescriptos
1603 2171 1738 2212 non
1766 2151 2223 2231 transgrediar.
2290 2152 2500 2235 Scrip-

593 2255 814 2318 sissem
845 2253 1021 2317 vobis
1053 2253 1132 2317 de
1164 2252 1503 2317 Octaviani
1536 2252 1798 2315 decessu
1840 2252 2209 2330 miserabili,
2241 2260 2308 2317 et
2341 2255 2501 2317 Gui-

592 2356 777 2420 donis
827 2356 1188 2420 Cremensis
1248 2354 1710 2418 substitutione
1760 2354 2118 2432 execrabili,
2173 2354 2299 2419 nisi
2351 2357 2503 2439 quia

590 2466 862 2537 nostr08‚
907 2459 1018 2542 qui
1060 2460 1130 2521 in
1175 2458 1352 2521 curia
1398 2464 1754 2535 morantur,
1800 2456 1941 2520 haec
1985 2457 2205 2520 omnia
2246 2458 2500 2540 plenius

590 2561 749 2625 scire
779 2561 928 2640 scio,
960 2583 1075 2644 per
1105 2583 1263 2646 quos
1293 2559 1471 2624 vobis
1503 2561 1754 2624 fidelius
1795 2561 2196 2626 innotescere
2237 2562 2496 2627 debent.

588 2666 675 2729 Et
718 2664 1091 2749 hujusmodi
1122 2686 1287 2727 nova
1315 2663 1578 2727 nonnisi
1619 2663 1699 2727 ab
1739 2663 1912 2746 ipsis,
1946 2671 2012 2727 et
2052 2686 2166 2747 per
2204 2665 2375 2749 ipsos
2417 2666 2500 2730 ad

590 2790 706 2832 nos
739 2789 942 2852 usque
974 2768 1365 2830 derivantur.
1420 2767 1777 2830 Familiaris
1809 2774 2027 2831 autem
2058 2774 2264 2832 status
2293 2791 2496 2848 meuS,

590 2892 781 2953 quem
840 2870 967 2933 Dei
1025 2869 1232 2951 gratia
1289 2869 1467 2933 vobis
1522 2869 1797 2932 describi
1847 2869 2111 2954 jubetis»,
2172 2878 2316 2954 post
2370 2872 2496 2936 dis-

589 2993 835 3035 cessum
867 2971 1103 3053 pagani
1133 2972 1357 3048 nostri,
1389 2992 1504 3054 per
1533 2993 1731 3057 quem
1769 2971 1948 3035 vobis
1988 2972 2130 3035 viva
2163 2993 2316 3037 voce
2359 2994 2496 3037 om-

588 3075 699 3136 nia
742 3074 1030 3136 intimari
1075 3074 1366 3156 praecepi,
1415 3074 1487 3136 in
1535 3075 1716 3137 nullo
1762 3074 2107 3138 innovatus
2156 3083 2292 3139 est:
2349 3077 2500 3160 quia

589 3176 838 3238 Luscus
869 3182 1107 3252 noster,
1130 3176 1240 3258 qui
1269 3175 1418 3238 licet
1444 3176 1515 3237 in
1545 3176 1948 3258 plenitudine
1977 3178 2331 3260 potestatis,
2363 3202 2498 3243 non

587 3284 810 3342 tamen
856 3278 928 3340 in
972 3277 1377 3361 plenitudine
1423 3277 1686 3355 luminis
1739 3279 1822 3342 ad
1872 3300 1990 3342 nos
2039 3299 2328 3344 reversus
2377 3289 2494 3360 est,

587 3381 880 3445 nondum
920 3403 1037 3443 sua
1073 3380 1502 3463 promulgavit
1533 3381 1762 3444 edicta.
1855 3381 2228 3444 Exercitum
2260 3384 2496 3447 solum-

586 3489 778 3553 modo
807 3489 1307 3571 Aquitaniarum
1339 3488 1759 3567 summonuit,
1790 3496 1865 3552 ut
1905 3489 2044 3570 regi
2078 3475 2493 3567 Francorum,

586 3592 639 3655 si
682 3592 752 3655 in
803 3591 1198 3669 Arvmniam,
1233 3597 1308 3653 ut
1349 3590 1733 3669 destinabat,
1776 3590 2092 3674 proficisci
2135 3611 2494 3672 persevera-

584 3693 767 3772 verit,
798 3695 868 3757 in
912 3716 1112 3757 manu
1152 3693 1362 3757 valida
1403 3699 1761 3756 occurrant.
1854 3693 2042 3757 Missi
2081 3699 2301 3756 tamen
2342 3699 2495 3757 sunt

587 3797 666 3860 ad
710 3819 928 3879 regem
975 3796 1339 3882 quaerendae
1378 3795 1551 3878 pacis
1595 3803 2061 3878 procuratores,
2104 3796 2268 3860 sicut
2308 3816 2496 3859 nosse

586 3922 696 3964 vos
727 3902 935 3979 credo,
968 3902 1268 3965 dominus
1298 3900 1729 3979 Ebroicensis‚
1761 3907 1826 3963 et
1857 3899 2175 3962 Ricardus
2222 3898 2301 3961 de
2349 3899 2492 3962 Hu-

588 4023 748 4065 mez.
836 4003 1148 4066 Nondum
1189 4025 1339 4067 vero
1384 4002 1464 4066 ad
1504 4025 1623 4067 nos
1666 4010 2061 4085 pervenerat,
2095 4002 2249 4085 quid
2288 4002 2492 4084 perfe-

589 4105 813 4169 cerint.
906 4105 1171 4183 Caetera,
1220 4127 1368 4168 cum
1421 4107 1608 4169 nobis
1654 4105 2077 4182 innotuerint,
2125 4112 2190 4168 et
2235 4105 2490 4167 fidelem

587 4208 1020 4272 invenerimus
1066 4209 1396 4285 nuncium,
1438 4208 1616 4272 vobis
1662 4209 2019 4291 significare
2065 4229 2196 4270 non
2242 4206 2490 4269 differe-

588 4333 753 4374 muS.
845 4309 1128 4374 Obsecro
1173 4318 1410 4389 autem,
1444 4319 1519 4374 ut
1567 4333 1682 4395 per
1730 4333 2002 4396 puerum
2050 4310 2255 4386 illum,
2299 4329 2489 4391 quem

571 4438 754 4501 „saepe
801 4415 1010 4479 dictus
1054 4437 1343 4499 paganus
1390 4437 1568 4478 meus
1611 4415 1692 4478 ad
1743 4437 1847 4478 me
1894 4415 1964 4476 in
2012 4411 2187 4475 brevi
2233 4410 2491 4475 mittere

588 4520 799 4599 debet,
847 4519 1081 4603 omnia,
1129 4540 1271 4601 quae
1319 4518 1581 4600 cognitu
1631 4518 1790 4582 mihi
1837 4515 2191 4580 necessaria
2238 4514 2489 4577 duxeri-
