<?xml version="1.0" encoding="UTF-8"?>
<!DOCTYPE html PUBLIC "-//W3C//DTD XHTML 1.0 Transitional//EN"
    "http://www.w3.org/TR/xhtml1/DTD/xhtml1-transitional.dtd">
<html xmlns="http://www.w3.org/1999/xhtml" xml:lang="en" lang="en">
 <head>
  <title>
</title>
<meta http-equiv="Content-Type" content="text/html;charset=utf-8" />
  <meta name='ocr-system' content='tesseract 3.04.00' />
  <meta name='ocr-capabilities' content='ocr_page ocr_carea ocr_par ocr_line ocrx_word'/>
</head>
<body>
  <div class='ocr_page' id='page_1' title='image "./gilbertiexabbat01gilegoog_0013.png"; bbox 0 0 3200 5392; ppageno 0'>
   <div class='ocr_carea' id='block_1_1' title="bbox 837 871 2161 941">
    <p class='ocr_par' dir='ltr' id='par_1_1' title="bbox 837 871 2161 941">
     <span class='ocr_line' id='line_1_1' title="bbox 837 871 2161 941; baseline 0.002 -27"><span class='ocrx_word' id='word_1_1' title='bbox 837 871 1104 921; x_wconf 67' lang='lat' dir='ltr'><strong>TABULA</strong></span> <span class='ocrx_word' id='word_1_2' title='bbox 1137 871 1613 941; x_wconf 65' lang='lat' dir='ltr'><strong>EPIS&#39;rOLARUM</strong></span> <span class='ocrx_word' id='word_1_3' title='bbox 1646 872 1824 916; x_wconf 74' lang='lat' dir='ltr'><strong>&#39;1⁸0M1·</strong></span> <span class='ocrx_word' id='word_1_4' title='bbox 1848 872 2161 918; x_wconf 72' lang='lat' dir='ltr'><strong>SECUNDI.</strong></span> 
     </span>
    </p>
   </div>
   <div class='ocr_carea' id='block_1_2' title="bbox 539 985 1889 4052">
    <p class='ocr_par' dir='ltr' id='par_1_2' title="bbox 544 985 1882 1127">
     <span class='ocr_line' id='line_1_2' title="bbox 544 985 1882 1057; baseline 0.001 -18"><span class='ocrx_word' id='word_1_5' title='bbox 544 989 666 1040; x_wconf 88' lang='grc'><strong>394.</strong></span> <span class='ocrx_word' id='word_1_6' title='bbox 704 985 743 1039; x_wconf 86' lang='lat' dir='ltr'><strong>J</strong></span> <span class='ocrx_word' id='word_1_7' title='bbox 745 1003 932 1040; x_wconf 75' lang='lat' dir='ltr'><strong>oannis</strong></span> <span class='ocrx_word' id='word_1_8' title='bbox 956 986 1301 1057; x_wconf 82' lang='lat' dir='ltr'><strong>Neapolitani</strong></span> <span class='ocrx_word' id='word_1_9' title='bbox 1335 986 1407 1041; x_wconf 79' lang='lat' dir='ltr'><strong>ad</strong></span> <span class='ocrx_word' id='word_1_10' title='bbox 1441 987 1702 1042; x_wconf 63' lang='lat' dir='ltr'><strong>{rhomam</strong></span> <span class='ocrx_word' id='word_1_11' title='bbox 1737 988 1882 1042; x_wconf 86' lang='lat' dir='ltr'><strong>Can-</strong></span> 
     </span>
     <span class='ocr_line' id='line_1_3' title="bbox 754 1074 1719 1127; baseline -0.001 -1"><span class='ocrx_word' id='word_1_12' title='bbox 754 1074 1076 1127; x_wconf 70' lang='lat' dir='ltr'><strong>watiensem</strong></span> <span class='ocrx_word' id='word_1_13' title='bbox 1207 1102 1229 1112; x_wconf 92' lang='lat'><strong>·</strong></span> <span class='ocrx_word' id='word_1_14' title='bbox 1535 1102 1558 1114; x_wconf 93' lang='lat'>-</span> <span class='ocrx_word' id='word_1_15' title='bbox 1696 1102 1719 1113; x_wconf 96' lang='lat'>-</span> 
     </span>
    </p>

    <p class='ocr_par' dir='ltr' id='par_1_3' title="bbox 543 1158 1721 1230">
     <span class='ocr_line' id='line_1_4' title="bbox 543 1158 1721 1230; baseline 0.003 -19"><span class='ocrx_word' id='word_1_16' title='bbox 543 1162 665 1212; x_wconf 94' lang='grc'><strong>395.</strong></span> <span class='ocrx_word' id='word_1_17' title='bbox 705 1158 963 1228; x_wconf 85' lang='lat' dir='ltr'><strong>Ejusdem</strong></span> <span class='ocrx_word' id='word_1_18' title='bbox 985 1158 1054 1212; x_wconf 87' lang='lat' dir='ltr'><strong>ad</strong></span> <span class='ocrx_word' id='word_1_19' title='bbox 1080 1159 1376 1213; x_wconf 79' lang='lat' dir='ltr'><strong>Hem-icum</strong></span> <span class='ocrx_word' id='word_1_20' title='bbox 1402 1159 1608 1230; x_wconf 83' lang='lat' dir='ltr'>Regem</span> <span class='ocrx_word' id='word_1_21' title='bbox 1698 1188 1721 1199; x_wconf 92' lang='lat'>-</span> 
     </span>
    </p>

    <p class='ocr_par' dir='ltr' id='par_1_4' title="bbox 544 1189 1884 1489">
     <span class='ocr_line' id='line_1_5' title="bbox 544 1189 1884 1300; baseline 0.002 -3"><span class='ocrx_word' id='word_1_22' title='bbox 544 1247 667 1298; x_wconf 83' lang='lat'><strong>396.</strong></span> <span class='ocrx_word' id='word_1_23' title='bbox 706 1244 920 1298; x_wconf 79' lang='lat' dir='ltr'><strong>Ottonis</strong></span> <span class='ocrx_word' id='word_1_24' title='bbox 966 1245 1175 1299; x_wconf 84' lang='lat' dir='ltr'><strong>diaconi</strong></span> <span class='ocrx_word' id='word_1_25' title='bbox 1218 1245 1523 1299; x_wconf 83' lang='lat' dir='ltr'><strong>Cardinalis</strong></span> <span class='ocrx_word' id='word_1_26' title='bbox 1572 1244 1628 1298; x_wconf 89' lang='lat' dir='ltr'><strong>S.</strong></span> <span class='ocrx_word' id='word_1_27' title='bbox 1671 1189 1884 1300; x_wconf 76' lang='lat' dir='ltr'><strong>Nicolai</strong></span> 
     </span>
     <span class='ocr_line' id='line_1_6' title="bbox 756 1330 1884 1403; baseline 0.001 -18"><span class='ocrx_word' id='word_1_28' title='bbox 756 1331 821 1386; x_wconf 91' lang='lat' dir='ltr'><strong>de</strong></span> <span class='ocrx_word' id='word_1_29' title='bbox 837 1348 1040 1385; x_wconf 85' lang='lat' dir='ltr'><strong>carcere</strong></span> <span class='ocrx_word' id='word_1_30' title='bbox 1055 1332 1319 1398; x_wconf 75' lang='lat' dir='ltr'><strong>Tulliam,</strong></span> <span class='ocrx_word' id='word_1_31' title='bbox 1335 1350 1417 1403; x_wconf 95' lang='lat' dir='ltr'><strong>ep.</strong></span> <span class='ocrx_word' id='word_1_32' title='bbox 1434 1330 1504 1386; x_wconf 86' lang='lat' dir='ltr'><strong>ad</strong></span> <span class='ocrx_word' id='word_1_33' title='bbox 1520 1332 1884 1386; x_wconf 78' lang='lat' dir='ltr'><strong>Alexandrum</strong></span> 
     </span>
     <span class='ocr_line' id='line_1_7' title="bbox 752 1417 1862 1489; baseline 0.001 -18"><span class='ocrx_word' id='word_1_34' title='bbox 752 1435 947 1489; x_wconf 89' lang='lat' dir='ltr'><strong>papam</strong></span> <span class='ocrx_word' id='word_1_35' title='bbox 972 1435 1064 1488; x_wconf 91' lang='lat' dir='ltr'><strong>pro</strong></span> <span class='ocrx_word' id='word_1_36' title='bbox 1089 1418 1332 1471; x_wconf 86' lang='lat' dir='ltr'><strong>Gilberto</strong></span> <span class='ocrx_word' id='word_1_37' title='bbox 1357 1417 1597 1471; x_wconf 89' lang='lat' dir='ltr'><strong>London.</strong></span> <span class='ocrx_word' id='word_1_38' title='bbox 1617 1419 1862 1489; x_wconf 88' lang='lat' dir='ltr'><strong>episcopo</strong></span> 
     </span>
    </p>

    <p class='ocr_par' dir='ltr' id='par_1_5' title="bbox 540 1503 1882 1574">
     <span class='ocr_line' id='line_1_8' title="bbox 540 1503 1882 1574; baseline 0 -17"><span class='ocrx_word' id='word_1_39' title='bbox 540 1507 664 1557; x_wconf 91' lang='grc'><strong>397.</strong></span> <span class='ocrx_word' id='word_1_40' title='bbox 701 1503 960 1574; x_wconf 80' lang='lat' dir='ltr'><strong>Ejusdem</strong></span> <span class='ocrx_word' id='word_1_41' title='bbox 980 1503 1050 1556; x_wconf 84' lang='lat' dir='ltr'><strong>ad</strong></span> <span class='ocrx_word' id='word_1_42' title='bbox 1074 1504 1334 1557; x_wconf 89' lang='lat' dir='ltr'><strong>Thomam</strong></span> <span class='ocrx_word' id='word_1_43' title='bbox 1360 1503 1798 1557; x_wconf 77' lang='lat' dir='ltr'><strong>cantuariensem</strong></span> <span class='ocrx_word' id='word_1_44' title='bbox 1859 1533 1882 1545; x_wconf 94' lang='lat'><em>-</em></span> 
     </span>
    </p>

    <p class='ocr_par' dir='ltr' id='par_1_6' title="bbox 540 1588 1884 1660">
     <span class='ocr_line' id='line_1_9' title="bbox 540 1588 1884 1660; baseline -0.001 -17"><span class='ocrx_word' id='word_1_45' title='bbox 540 1593 666 1644; x_wconf 77' lang='grc'><strong>398.</strong></span> <span class='ocrx_word' id='word_1_46' title='bbox 704 1589 959 1660; x_wconf 87' lang='lat' dir='ltr'><strong>Ejusdem</strong></span> <span class='ocrx_word' id='word_1_47' title='bbox 981 1589 1053 1643; x_wconf 89' lang='lat' dir='ltr'><strong>ad</strong></span> <span class='ocrx_word' id='word_1_48' title='bbox 1075 1588 1303 1642; x_wconf 89' lang='lat' dir='ltr'><strong>eundem</strong></span> <span class='ocrx_word' id='word_1_49' title='bbox 1363 1617 1386 1628; x_wconf 92' lang='lat'><em>-</em></span> <span class='ocrx_word' id='word_1_50' title='bbox 1859 1618 1884 1631; x_wconf 91' lang='lat'>-</span> 
     </span>
    </p>

    <p class='ocr_par' dir='ltr' id='par_1_7' title="bbox 539 1674 1888 1815">
     <span class='ocr_line' id='line_1_10' title="bbox 539 1674 1888 1731; baseline 0.001 -2"><span class='ocrx_word' id='word_1_51' title='bbox 539 1680 665 1731; x_wconf 92' lang='grc'><strong>399.</strong></span> <span class='ocrx_word' id='word_1_52' title='bbox 701 1676 849 1730; x_wconf 87' lang='lat' dir='ltr'><strong>Petri</strong></span> <span class='ocrx_word' id='word_1_53' title='bbox 895 1674 1176 1729; x_wconf 82' lang='lat' dir='ltr'><strong>cardinalis</strong></span> <span class='ocrx_word' id='word_1_54' title='bbox 1235 1675 1447 1729; x_wconf 85' lang='lat' dir='ltr'><strong>diaconi</strong></span> <span class='ocrx_word' id='word_1_55' title='bbox 1501 1675 1572 1729; x_wconf 86' lang='lat' dir='ltr'><strong>ad</strong></span> <span class='ocrx_word' id='word_1_56' title='bbox 1622 1675 1888 1730; x_wconf 77' lang='lat' dir='ltr'><strong>&#39;rhomam</strong></span> 
     </span>
     <span class='ocr_line' id='line_1_11' title="bbox 753 1762 1888 1815; baseline -0.002 0"><span class='ocrx_word' id='word_1_57' title='bbox 753 1762 1192 1815; x_wconf 83' lang='lat' dir='ltr'><strong>Cantuariensem</strong></span> <span class='ocrx_word' id='word_1_58' title='bbox 1371 1790 1393 1800; x_wconf 90' lang='lat'>-</span> <span class='ocrx_word' id='word_1_59' title='bbox 1535 1790 1559 1801; x_wconf 86' lang='lat'><strong>·</strong></span> <span class='ocrx_word' id='word_1_60' title='bbox 1700 1790 1724 1801; x_wconf 92' lang='lat'><em>-</em></span> <span class='ocrx_word' id='word_1_61' title='bbox 1865 1789 1888 1800; x_wconf 96' lang='lat'><em>-</em></span> 
     </span>
    </p>

    <p class='ocr_par' dir='ltr' id='par_1_8' title="bbox 540 1846 1388 1917">
     <span class='ocr_line' id='line_1_12' title="bbox 540 1846 1388 1917; baseline -0.001 -17"><span class='ocrx_word' id='word_1_62' title='bbox 540 1852 663 1900; x_wconf 95' lang='grc'><strong>400.</strong></span> <span class='ocrx_word' id='word_1_63' title='bbox 701 1846 964 1917; x_wconf 87' lang='lat' dir='ltr'><strong>Ejusdem</strong></span> <span class='ocrx_word' id='word_1_64' title='bbox 985 1846 1056 1900; x_wconf 90' lang='lat' dir='ltr'><strong>ad</strong></span> <span class='ocrx_word' id='word_1_65' title='bbox 1079 1846 1307 1901; x_wconf 85' lang='lat' dir='ltr'><strong>eundem</strong></span> <span class='ocrx_word' id='word_1_66' title='bbox 1367 1876 1388 1886; x_wconf 95' lang='lat'><em>-</em></span> 
     </span>
    </p>

    <p class='ocr_par' dir='ltr' id='par_1_9' title="bbox 543 1930 1358 1987">
     <span class='ocr_line' id='line_1_13' title="bbox 543 1930 1358 1987; baseline -0.001 -1"><span class='ocrx_word' id='word_1_67' title='bbox 543 1938 666 1986; x_wconf 88' lang='grc'><strong>401.</strong></span> <span class='ocrx_word' id='word_1_68' title='bbox 703 1933 1015 1986; x_wconf 86' lang='lat' dir='ltr'><strong>Theodwini</strong></span> <span class='ocrx_word' id='word_1_69' title='bbox 1038 1932 1107 1987; x_wconf 88' lang='lat' dir='ltr'><strong>ad</strong></span> <span class='ocrx_word' id='word_1_70' title='bbox 1131 1930 1358 1986; x_wconf 89' lang='lat' dir='ltr'><strong>eundem</strong></span> 
     </span>
    </p>

    <p class='ocr_par' dir='ltr' id='par_1_10' title="bbox 542 2017 1721 2088">
     <span class='ocr_line' id='line_1_14' title="bbox 542 2017 1721 2088; baseline -0.001 -17"><span class='ocrx_word' id='word_1_71' title='bbox 542 2018 666 2072; x_wconf 89' lang='grc'><strong>402.</strong></span> <span class='ocrx_word' id='word_1_72' title='bbox 705 2018 961 2088; x_wconf 86' lang='lat' dir='ltr'><strong>Ejusdem</strong></span> <span class='ocrx_word' id='word_1_73' title='bbox 984 2017 1055 2071; x_wconf 90' lang='lat' dir='ltr'><strong>ad</strong></span> <span class='ocrx_word' id='word_1_74' title='bbox 1079 2019 1309 2071; x_wconf 91' lang='lat' dir='ltr'><strong>eundem</strong></span> <span class='ocrx_word' id='word_1_75' title='bbox 1370 2052 1394 2063; x_wconf 91' lang='lat'>-</span> <span class='ocrx_word' id='word_1_76' title='bbox 1698 2046 1721 2057; x_wconf 91' lang='lat'>-</span> 
     </span>
    </p>

    <p class='ocr_par' dir='ltr' id='par_1_11' title="bbox 541 2103 1742 2173">
     <span class='ocr_line' id='line_1_15' title="bbox 541 2103 1742 2173; baseline -0.002 -15"><span class='ocrx_word' id='word_1_77' title='bbox 541 2108 666 2158; x_wconf 90' lang='grc'><strong>403.</strong></span> <span class='ocrx_word' id='word_1_78' title='bbox 702 2105 962 2156; x_wconf 91' lang='lat' dir='ltr'><strong>Willelmi</strong></span> <span class='ocrx_word' id='word_1_79' title='bbox 987 2103 1262 2173; x_wconf 84' lang='lat' dir='ltr'><strong>Papiensis</strong></span> <span class='ocrx_word' id='word_1_80' title='bbox 1286 2103 1351 2156; x_wconf 86' lang='lat' dir='ltr'><strong>ad</strong></span> <span class='ocrx_word' id='word_1_81' title='bbox 1378 2103 1742 2156; x_wconf 83' lang='lat' dir='ltr'><strong>Alexandrum</strong></span> 
     </span>
    </p>

    <p class='ocr_par' dir='ltr' id='par_1_12' title="bbox 540 2186 1885 2259">
     <span class='ocr_line' id='line_1_16' title="bbox 540 2186 1885 2259; baseline -0.004 -16"><span class='ocrx_word' id='word_1_82' title='bbox 540 2195 666 2243; x_wconf 89' lang='grc'><strong>404.</strong></span> <span class='ocrx_word' id='word_1_83' title='bbox 704 2188 961 2259; x_wconf 86' lang='lat' dir='ltr'><strong>Ejusdem</strong></span> <span class='ocrx_word' id='word_1_84' title='bbox 986 2196 1040 2241; x_wconf 83' lang='lat' dir='ltr'><strong>et</strong></span> <span class='ocrx_word' id='word_1_85' title='bbox 1063 2187 1274 2240; x_wconf 82' lang='lat' dir='ltr'><strong>Ottonis</strong></span> <span class='ocrx_word' id='word_1_86' title='bbox 1297 2186 1366 2239; x_wconf 85' lang='lat' dir='ltr'><strong>ad</strong></span> <span class='ocrx_word' id='word_1_87' title='bbox 1388 2186 1620 2240; x_wconf 89' lang='lat' dir='ltr'><strong>eundem</strong></span> <span class='ocrx_word' id='word_1_88' title='bbox 1699 2215 1721 2225; x_wconf 93' lang='lat'>-</span> <span class='ocrx_word' id='word_1_89' title='bbox 1862 2217 1885 2228; x_wconf 89' lang='lat'>-</span> 
     </span>
    </p>

    <p class='ocr_par' dir='ltr' id='par_1_13' title="bbox 540 2272 1877 2344">
     <span class='ocr_line' id='line_1_17' title="bbox 540 2272 1877 2344; baseline -0.001 -16"><span class='ocrx_word' id='word_1_90' title='bbox 540 2280 663 2328; x_wconf 87' lang='grc'><strong>405.</strong></span> <span class='ocrx_word' id='word_1_91' title='bbox 701 2274 960 2344; x_wconf 86' lang='lat' dir='ltr'><strong>Ejusdem</strong></span> <span class='ocrx_word' id='word_1_92' title='bbox 971 2274 1238 2327; x_wconf 84' lang='lat' dir='ltr'><strong>willelmi</strong></span> <span class='ocrx_word' id='word_1_93' title='bbox 1247 2272 1322 2326; x_wconf 82' lang='lat' dir='ltr'><strong>ad</strong></span> <span class='ocrx_word' id='word_1_94' title='bbox 1339 2273 1602 2327; x_wconf 74' lang='lat' dir='ltr'><strong>&#39;rhomam</strong></span> <span class='ocrx_word' id='word_1_95' title='bbox 1623 2274 1877 2328; x_wconf 81' lang='lat' dir='ltr'><strong>Cantuar.</strong></span> 
     </span>
    </p>

    <p class='ocr_par' dir='ltr' id='par_1_14' title="bbox 542 2358 1720 2430">
     <span class='ocr_line' id='line_1_18' title="bbox 542 2358 1720 2430; baseline -0.003 -15"><span class='ocrx_word' id='word_1_96' title='bbox 542 2366 665 2415; x_wconf 89' lang='grc'><strong>406.</strong></span> <span class='ocrx_word' id='word_1_97' title='bbox 704 2360 960 2430; x_wconf 81' lang='lat' dir='ltr'><strong>Ejusdem</strong></span> <span class='ocrx_word' id='word_1_98' title='bbox 984 2360 1056 2413; x_wconf 92' lang='lat' dir='ltr'><strong>ad</strong></span> <span class='ocrx_word' id='word_1_99' title='bbox 1078 2358 1307 2413; x_wconf 86' lang='lat' dir='ltr'><strong>eundem</strong></span> <span class='ocrx_word' id='word_1_100' title='bbox 1367 2388 1389 2398; x_wconf 89' lang='lat'>-</span> <span class='ocrx_word' id='word_1_101' title='bbox 1697 2388 1720 2399; x_wconf 93' lang='lat'>-</span> 
     </span>
    </p>

    <p class='ocr_par' dir='ltr' id='par_1_15' title="bbox 542 2445 1723 2516">
     <span class='ocr_line' id='line_1_19' title="bbox 542 2445 1723 2516; baseline -0.003 -15"><span class='ocrx_word' id='word_1_102' title='bbox 542 2448 663 2502; x_wconf 91' lang='grc'><strong>407.</strong></span> <span class='ocrx_word' id='word_1_103' title='bbox 703 2446 960 2516; x_wconf 86' lang='lat' dir='ltr'><strong>Ejusdem</strong></span> <span class='ocrx_word' id='word_1_104' title='bbox 986 2453 1040 2500; x_wconf 88' lang='lat' dir='ltr'><strong>et</strong></span> <span class='ocrx_word' id='word_1_105' title='bbox 1063 2446 1275 2499; x_wconf 79' lang='lat' dir='ltr'><strong>Ottonis</strong></span> <span class='ocrx_word' id='word_1_106' title='bbox 1297 2445 1367 2499; x_wconf 91' lang='lat' dir='ltr'><strong>ad</strong></span> <span class='ocrx_word' id='word_1_107' title='bbox 1391 2445 1620 2499; x_wconf 89' lang='lat' dir='ltr'><strong>eundem</strong></span> <span class='ocrx_word' id='word_1_108' title='bbox 1701 2474 1723 2485; x_wconf 89' lang='lat'>-</span> 
     </span>
    </p>

    <p class='ocr_par' dir='ltr' id='par_1_16' title="bbox 540 2531 1714 2602">
     <span class='ocr_line' id='line_1_20' title="bbox 540 2531 1714 2602; baseline -0.003 -15"><span class='ocrx_word' id='word_1_109' title='bbox 540 2537 664 2587; x_wconf 88' lang='grc'><strong>408.</strong></span> <span class='ocrx_word' id='word_1_110' title='bbox 701 2532 959 2602; x_wconf 87' lang='lat' dir='ltr'><strong>Ejusdem</strong></span> <span class='ocrx_word' id='word_1_111' title='bbox 981 2532 1052 2586; x_wconf 90' lang='lat' dir='ltr'><strong>ad</strong></span> <span class='ocrx_word' id='word_1_112' title='bbox 1074 2531 1304 2585; x_wconf 89' lang='lat' dir='ltr'><strong>eundem</strong></span> <span class='ocrx_word' id='word_1_113' title='bbox 1362 2560 1385 2571; x_wconf 91' lang='lat'><strong>·</strong></span> <span class='ocrx_word' id='word_1_114' title='bbox 1692 2560 1714 2570; x_wconf 94' lang='lat'>-</span> 
     </span>
    </p>

    <p class='ocr_par' dir='ltr' id='par_1_17' title="bbox 540 2617 1830 2689">
     <span class='ocr_line' id='line_1_21' title="bbox 540 2617 1830 2689; baseline -0.002 -16"><span class='ocrx_word' id='word_1_115' title='bbox 540 2624 663 2674; x_wconf 91' lang='grc'><strong>409.</strong></span> <span class='ocrx_word' id='word_1_116' title='bbox 701 2619 955 2689; x_wconf 90' lang='lat' dir='ltr'><strong>Ejusdem</strong></span> <span class='ocrx_word' id='word_1_117' title='bbox 978 2617 1047 2671; x_wconf 83' lang='lat' dir='ltr'><strong>ad</strong></span> <span class='ocrx_word' id='word_1_118' title='bbox 1073 2618 1375 2671; x_wconf 88' lang='lat' dir='ltr'><strong>Gilbertum</strong></span> <span class='ocrx_word' id='word_1_119' title='bbox 1402 2617 1830 2671; x_wconf 84' lang='lat' dir='ltr'><strong>Londoniensem</strong></span> 
     </span>
    </p>

    <p class='ocr_par' dir='ltr' id='par_1_18' title="bbox 540 2704 1548 2774">
     <span class='ocr_line' id='line_1_22' title="bbox 540 2704 1548 2774; baseline -0.003 -15"><span class='ocrx_word' id='word_1_120' title='bbox 540 2710 660 2760; x_wconf 93' lang='grc'><strong>410.</strong></span> <span class='ocrx_word' id='word_1_121' title='bbox 699 2704 958 2774; x_wconf 84' lang='lat' dir='ltr'><strong>Ejusdem</strong></span> <span class='ocrx_word' id='word_1_122' title='bbox 975 2704 1053 2757; x_wconf 84' lang='lat' dir='ltr'><strong>&#39;ad</strong></span> <span class='ocrx_word' id='word_1_123' title='bbox 1074 2704 1301 2757; x_wconf 89' lang='lat' dir='ltr'><strong>eundem</strong></span> <span class='ocrx_word' id='word_1_124' title='bbox 1362 2732 1385 2743; x_wconf 94' lang='lat'>-</span> <span class='ocrx_word' id='word_1_125' title='bbox 1414 2704 1421 2705; x_wconf 61' lang='grc'><em>’</em></span> <span class='ocrx_word' id='word_1_126' title='bbox 1524 2732 1548 2743; x_wconf 92' lang='lat'>-</span> 
     </span>
    </p>

    <p class='ocr_par' dir='ltr' id='par_1_19' title="bbox 543 2787 1885 2943">
     <span class='ocr_line' id='line_1_23' title="bbox 543 2787 1885 2859; baseline -0.001 -15"><span class='ocrx_word' id='word_1_127' title='bbox 543 2796 666 2844; x_wconf 87' lang='lat'><strong>411.</strong></span> <span class='ocrx_word' id='word_1_128' title='bbox 704 2789 961 2859; x_wconf 85' lang='lat' dir='ltr'><strong>Ejusdem</strong></span> <span class='ocrx_word' id='word_1_129' title='bbox 986 2797 1040 2842; x_wconf 85' lang='lat' dir='ltr'><strong>et</strong></span> <span class='ocrx_word' id='word_1_130' title='bbox 1064 2787 1274 2841; x_wconf 86' lang='lat' dir='ltr'><strong>Ottonis</strong></span> <span class='ocrx_word' id='word_1_131' title='bbox 1310 2787 1381 2841; x_wconf 87' lang='lat' dir='ltr'><strong>ad</strong></span> <span class='ocrx_word' id='word_1_132' title='bbox 1405 2788 1802 2842; x_wconf 86' lang='lat' dir='ltr'><strong>Norwicensem</strong></span> <span class='ocrx_word' id='word_1_133' title='bbox 1831 2798 1885 2843; x_wconf 90' lang='lat' dir='ltr'><strong>et</strong></span> 
     </span>
     <span class='ocr_line' id='line_1_24' title="bbox 737 2874 1723 2943; baseline -0.001 -16"><span class='ocrx_word' id='word_1_134' title='bbox 737 2876 1119 2927; x_wconf 87' lang='lat' dir='ltr'><strong>Cicestrensem</strong></span> <span class='ocrx_word' id='word_1_135' title='bbox 1144 2874 1416 2943; x_wconf 88' lang='lat' dir='ltr'><strong>episcopos</strong></span> <span class='ocrx_word' id='word_1_136' title='bbox 1531 2903 1555 2914; x_wconf 93' lang='lat'>-</span> <span class='ocrx_word' id='word_1_137' title='bbox 1700 2907 1723 2918; x_wconf 95' lang='lat'>-</span> 
     </span>
    </p>

    <p class='ocr_par' dir='ltr' id='par_1_20' title="bbox 545 2902 1889 3097">
     <span class='ocr_line' id='line_1_25' title="bbox 545 2902 1889 3029; baseline 0.002 -19"><span class='ocrx_word' id='word_1_138' title='bbox 545 2962 668 3011; x_wconf 85' lang='lat'><strong>412.</strong></span> <span class='ocrx_word' id='word_1_139' title='bbox 705 2958 978 3028; x_wconf 86' lang='lat' dir='ltr'><strong>T[homae]</strong></span> <span class='ocrx_word' id='word_1_140' title='bbox 1000 2958 1402 3012; x_wconf 80' lang='lat' dir='ltr'><strong>Cantuariensis</strong></span> <span class='ocrx_word' id='word_1_141' title='bbox 1419 2957 1801 3029; x_wconf 86' lang='lat' dir='ltr'><strong>archiepiscopi</strong></span> <span class='ocrx_word' id='word_1_142' title='bbox 1817 2902 1889 3013; x_wconf 79' lang='lat' dir='ltr'><strong>ad</strong></span> 
     </span>
     <span class='ocr_line' id='line_1_26' title="bbox 757 3042 1883 3097; baseline 0.001 -1"><span class='ocrx_word' id='word_1_143' title='bbox 757 3044 1057 3097; x_wconf 86' lang='lat' dir='ltr'><strong>Gilbertum</strong></span> <span class='ocrx_word' id='word_1_144' title='bbox 1083 3042 1510 3097; x_wconf 88' lang='lat' dir='ltr'><strong>Londoniensem</strong></span> <span class='ocrx_word' id='word_1_145' title='bbox 1697 3072 1720 3083; x_wconf 93' lang='lat'>-</span> <span class='ocrx_word' id='word_1_146' title='bbox 1861 3072 1883 3082; x_wconf 92' lang='lat'><strong>·</strong></span> 
     </span>
    </p>

    <p class='ocr_par' dir='ltr' id='par_1_21' title="bbox 542 3129 1885 3197">
     <span class='ocr_line' id='line_1_27' title="bbox 542 3129 1885 3197; baseline 0.001 -16"><span class='ocrx_word' id='word_1_147' title='bbox 542 3133 665 3182; x_wconf 85' lang='lat'><strong>413.</strong></span> <span class='ocrx_word' id='word_1_148' title='bbox 701 3130 1013 3197; x_wconf 87' lang='lat' dir='ltr'><strong>Theobaldi‚</strong></span> <span class='ocrx_word' id='word_1_149' title='bbox 1036 3137 1098 3183; x_wconf 89' lang='lat' dir='ltr'><strong>ut</strong></span> <span class='ocrx_word' id='word_1_150' title='bbox 1119 3129 1346 3193; x_wconf 80' lang='lat' dir='ltr'><strong>videtur,</strong></span> <span class='ocrx_word' id='word_1_151' title='bbox 1370 3129 1439 3181; x_wconf 91' lang='lat' dir='ltr'><strong>ad</strong></span> <span class='ocrx_word' id='word_1_152' title='bbox 1465 3168 1644 3183; x_wconf 92' lang='grc'><strong>.....</strong></span> <span class='ocrx_word' id='word_1_153' title='bbox 1700 3159 1722 3169; x_wconf 90' lang='grc'>-</span> <span class='ocrx_word' id='word_1_154' title='bbox 1748 3160 1752 3164; x_wconf 65' lang='grc'><em>»</em></span> <span class='ocrx_word' id='word_1_155' title='bbox 1862 3158 1885 3169; x_wconf 92' lang='grc'><strong>-</strong></span> 
     </span>
    </p>

    <p class='ocr_par' dir='ltr' id='par_1_22' title="bbox 540 3213 1579 3284">
     <span class='ocr_line' id='line_1_28' title="bbox 540 3213 1579 3284; baseline 0.001 -18"><span class='ocrx_word' id='word_1_156' title='bbox 540 3218 665 3266; x_wconf 92' lang='grc'><strong>414.</strong></span> <span class='ocrx_word' id='word_1_157' title='bbox 702 3213 960 3282; x_wconf 85' lang='lat' dir='ltr'><strong>Ejusdem</strong></span> <span class='ocrx_word' id='word_1_158' title='bbox 983 3213 1050 3266; x_wconf 88' lang='lat' dir='ltr'><strong>ad</strong></span> <span class='ocrx_word' id='word_1_159' title='bbox 1076 3214 1375 3267; x_wconf 88' lang='lat' dir='ltr'><strong>Henricum</strong></span> <span class='ocrx_word' id='word_1_160' title='bbox 1398 3231 1579 3284; x_wconf 84' lang='lat' dir='ltr'><strong>regem</strong></span> 
     </span>
    </p>

    <p class='ocr_par' dir='ltr' id='par_1_23' title="bbox 542 3297 1389 3368">
     <span class='ocr_line' id='line_1_29' title="bbox 542 3297 1389 3368; baseline -0.002 -16"><span class='ocrx_word' id='word_1_161' title='bbox 542 3303 667 3352; x_wconf 83' lang='lat'><strong>415.</strong></span> <span class='ocrx_word' id='word_1_162' title='bbox 705 3297 960 3368; x_wconf 85' lang='lat' dir='ltr'><strong>Ejusdem</strong></span> <span class='ocrx_word' id='word_1_163' title='bbox 987 3297 1057 3351; x_wconf 83' lang='lat' dir='ltr'><strong>ad</strong></span> <span class='ocrx_word' id='word_1_164' title='bbox 1079 3297 1306 3351; x_wconf 90' lang='lat' dir='ltr'><strong>eundem</strong></span> <span class='ocrx_word' id='word_1_165' title='bbox 1367 3326 1389 3336; x_wconf 94' lang='lat'>-</span> 
     </span>
    </p>

    <p class='ocr_par' dir='ltr' id='par_1_24' title="bbox 541 3382 1394 3454">
     <span class='ocr_line' id='line_1_30' title="bbox 541 3382 1394 3454; baseline -0.006 -15"><span class='ocrx_word' id='word_1_166' title='bbox 541 3389 666 3439; x_wconf 90' lang='grc'><strong>416.</strong></span> <span class='ocrx_word' id='word_1_167' title='bbox 705 3384 964 3454; x_wconf 87' lang='lat' dir='ltr'><strong>Ejusdem</strong></span> <span class='ocrx_word' id='word_1_168' title='bbox 987 3382 1056 3437; x_wconf 89' lang='lat' dir='ltr'><strong>ad</strong></span> <span class='ocrx_word' id='word_1_169' title='bbox 1081 3421 1262 3437; x_wconf 92' lang='grc'><strong>.....</strong></span> <span class='ocrx_word' id='word_1_170' title='bbox 1371 3411 1394 3422; x_wconf 89' lang='grc'><strong>-</strong></span> 
     </span>
    </p>

    <p class='ocr_par' dir='ltr' id='par_1_25' title="bbox 541 3468 1726 3540">
     <span class='ocr_line' id='line_1_31' title="bbox 541 3468 1726 3540; baseline -0.003 -16"><span class='ocrx_word' id='word_1_171' title='bbox 541 3474 665 3524; x_wconf 87' lang='grc'><strong>417.</strong></span> <span class='ocrx_word' id='word_1_172' title='bbox 703 3469 962 3540; x_wconf 86' lang='lat' dir='ltr'><strong>Ejusdem</strong></span> <span class='ocrx_word' id='word_1_173' title='bbox 984 3468 1057 3522; x_wconf 84' lang='lat' dir='ltr'><strong>ad</strong></span> <span class='ocrx_word' id='word_1_174' title='bbox 1081 3506 1262 3522; x_wconf 91' lang='grc'><strong>.....</strong></span> <span class='ocrx_word' id='word_1_175' title='bbox 1377 3496 1400 3507; x_wconf 92' lang='grc'>-</span> <span class='ocrx_word' id='word_1_176' title='bbox 1541 3497 1562 3507; x_wconf 93' lang='grc'>-</span> <span class='ocrx_word' id='word_1_177' title='bbox 1703 3496 1726 3507; x_wconf 89' lang='grc'>-</span> 
     </span>
    </p>

    <p class='ocr_par' dir='ltr' id='par_1_26' title="bbox 541 3553 1886 3624">
     <span class='ocr_line' id='line_1_32' title="bbox 541 3553 1886 3624; baseline -0.003 -15"><span class='ocrx_word' id='word_1_178' title='bbox 541 3560 663 3609; x_wconf 89' lang='grc'><strong>418.</strong></span> <span class='ocrx_word' id='word_1_179' title='bbox 702 3554 979 3624; x_wconf 83' lang='lat' dir='ltr'><strong>Ejusdem,</strong></span> <span class='ocrx_word' id='word_1_180' title='bbox 1001 3563 1064 3608; x_wconf 87' lang='lat' dir='ltr'><strong>ut</strong></span> <span class='ocrx_word' id='word_1_181' title='bbox 1087 3554 1313 3618; x_wconf 84' lang='lat' dir='ltr'><strong>videtur,</strong></span> <span class='ocrx_word' id='word_1_182' title='bbox 1337 3553 1407 3607; x_wconf 91' lang='lat' dir='ltr'><strong>ad</strong></span> <span class='ocrx_word' id='word_1_183' title='bbox 1432 3592 1607 3608; x_wconf 91' lang='grc'><strong>.....</strong></span> <span class='ocrx_word' id='word_1_184' title='bbox 1700 3582 1723 3592; x_wconf 93' lang='grc'>-</span> <span class='ocrx_word' id='word_1_185' title='bbox 1863 3582 1886 3593; x_wconf 92' lang='grc'>-</span> 
     </span>
    </p>

    <p class='ocr_par' dir='ltr' id='par_1_27' title="bbox 540 3639 1886 3710">
     <span class='ocr_line' id='line_1_33' title="bbox 540 3639 1886 3710; baseline -0.001 -16"><span class='ocrx_word' id='word_1_186' title='bbox 540 3644 665 3694; x_wconf 92' lang='grc'><strong>419.</strong></span> <span class='ocrx_word' id='word_1_187' title='bbox 701 3640 995 3693; x_wconf 86' lang='lat' dir='ltr'><strong>Theobaldi</strong></span> <span class='ocrx_word' id='word_1_188' title='bbox 1014 3640 1355 3693; x_wconf 77' lang='lat' dir='ltr'><strong>cantuarien.</strong></span> <span class='ocrx_word' id='word_1_189' title='bbox 1374 3639 1752 3710; x_wconf 84' lang='lat' dir='ltr'><strong>archiepiscopi</strong></span> <span class='ocrx_word' id='word_1_190' title='bbox 1767 3646 1886 3692; x_wconf 83' lang='lat' dir='ltr'><strong>test.</strong></span> 
     </span>
    </p>

    <p class='ocr_par' dir='ltr' id='par_1_28' title="bbox 540 3723 1883 3882">
     <span class='ocr_line' id='line_1_34' title="bbox 540 3723 1883 3799; baseline -0.001 -20"><span class='ocrx_word' id='word_1_191' title='bbox 540 3729 664 3779; x_wconf 84' lang='lat'><strong>420.</strong></span> <span class='ocrx_word' id='word_1_192' title='bbox 702 3723 899 3778; x_wconf 85' lang='lat' dir='ltr'><strong>Prioris</strong></span> <span class='ocrx_word' id='word_1_193' title='bbox 933 3732 988 3777; x_wconf 86' lang='lat' dir='ltr'><strong>et</strong></span> <span class='ocrx_word' id='word_1_194' title='bbox 1020 3733 1312 3778; x_wconf 80' lang='lat' dir='ltr'><strong>conventus</strong></span> <span class='ocrx_word' id='word_1_195' title='bbox 1347 3724 1601 3778; x_wconf 85' lang='lat' dir='ltr'><strong>Cantuar.</strong></span> <span class='ocrx_word' id='word_1_196' title='bbox 1635 3724 1706 3777; x_wconf 85' lang='lat' dir='ltr'><strong>ad</strong></span> <span class='ocrx_word' id='word_1_197' title='bbox 1729 3724 1883 3799; x_wconf 84' lang='lat' dir='ltr'><strong>Alex.</strong></span> 
     </span>
     <span class='ocr_line' id='line_1_35' title="bbox 752 3828 1723 3882; baseline -0.001 -18"><span class='ocrx_word' id='word_1_198' title='bbox 752 3828 949 3882; x_wconf 87' lang='lat' dir='ltr'><strong>papam</strong></span> <span class='ocrx_word' id='word_1_199' title='bbox 1042 3845 1066 3856; x_wconf 92' lang='lat'><em>-</em></span> <span class='ocrx_word' id='word_1_200' title='bbox 1371 3838 1394 3849; x_wconf 93' lang='lat'><em>-</em></span> <span class='ocrx_word' id='word_1_201' title='bbox 1534 3838 1557 3849; x_wconf 93' lang='lat'><em>-</em></span> <span class='ocrx_word' id='word_1_202' title='bbox 1699 3838 1723 3849; x_wconf 93' lang='lat'>-</span> 
     </span>
    </p>

    <p class='ocr_par' dir='ltr' id='par_1_29' title="bbox 540 3895 1885 4052">
     <span class='ocr_line' id='line_1_36' title="bbox 540 3895 1885 3967; baseline -0.002 -16"><span class='ocrx_word' id='word_1_203' title='bbox 540 3902 664 3951; x_wconf 90' lang='grc'><strong>421.</strong></span> <span class='ocrx_word' id='word_1_204' title='bbox 702 3895 906 3950; x_wconf 84' lang='lat' dir='ltr'><strong>Odonis</strong></span> <span class='ocrx_word' id='word_1_205' title='bbox 944 3896 1132 3967; x_wconf 80' lang='lat' dir='ltr'><strong>prioris</strong></span> <span class='ocrx_word' id='word_1_206' title='bbox 1156 3904 1211 3950; x_wconf 88' lang='lat' dir='ltr'><strong>et</strong></span> <span class='ocrx_word' id='word_1_207' title='bbox 1246 3912 1396 3950; x_wconf 78' lang='lat' dir='ltr'><strong>conv.</strong></span> <span class='ocrx_word' id='word_1_208' title='bbox 1432 3895 1592 3949; x_wconf 83' lang='lat' dir='ltr'><strong>Cant.</strong></span> <span class='ocrx_word' id='word_1_209' title='bbox 1630 3895 1700 3948; x_wconf 88' lang='lat' dir='ltr'><strong>ad</strong></span> <span class='ocrx_word' id='word_1_210' title='bbox 1734 3895 1885 3950; x_wconf 87' lang='lat' dir='ltr'><strong>Alex.</strong></span> 
     </span>
     <span class='ocr_line' id='line_1_37' title="bbox 752 3997 1071 4052; baseline -0.003 -17"><span class='ocrx_word' id='word_1_211' title='bbox 752 3997 948 4052; x_wconf 84' lang='lat' dir='ltr'><strong>papam</strong></span> <span class='ocrx_word' id='word_1_212' title='bbox 1049 4010 1071 4021; x_wconf 91' lang='lat'>-</span> 
     </span>
    </p>
   </div>
   <div class='ocr_carea' id='block_1_3' title="bbox 539 4066 1908 4139">
    <p class='ocr_par' dir='ltr' id='par_1_30' title="bbox 539 4066 1908 4139">
     <span class='ocr_line' id='line_1_38' title="bbox 539 4066 1908 4139; baseline 0.002 -18"><span class='ocrx_word' id='word_1_213' title='bbox 539 4072 664 4123; x_wconf 92' lang='grc'><strong>422.</strong></span> <span class='ocrx_word' id='word_1_214' title='bbox 700 4068 960 4139; x_wconf 84' lang='lat' dir='ltr'><strong>Ejusdem</strong></span> <span class='ocrx_word' id='word_1_215' title='bbox 988 4069 1075 4139; x_wconf 85' lang='lat' dir='ltr'><strong>[ut</strong></span> <span class='ocrx_word' id='word_1_216' title='bbox 1096 4066 1328 4136; x_wconf 83' lang='lat' dir='ltr'><strong>videtur]</strong></span> <span class='ocrx_word' id='word_1_217' title='bbox 1356 4066 1426 4120; x_wconf 91' lang='lat' dir='ltr'><strong>ad</strong></span> <span class='ocrx_word' id='word_1_218' title='bbox 1450 4066 1742 4121; x_wconf 80' lang='lat' dir='ltr'><strong>Ricardum</strong></span> <span class='ocrx_word' id='word_1_219' title='bbox 1768 4067 1888 4121; x_wconf 90' lang='lat' dir='ltr'><strong>Pic-</strong></span> <span class='ocrx_word' id='word_1_220' title='bbox 1905 4121 1908 4124; x_wconf 25' lang='lat'><strong>⁴</strong></span> 
     </span>
    </p>
   </div>
   <div class='ocr_carea' id='block_1_4' title="bbox 542 4153 1885 4377">
    <p class='ocr_par' dir='ltr' id='par_1_31' title="bbox 542 4153 1885 4377">
     <span class='ocr_line' id='line_1_39' title="bbox 750 4153 1556 4208; baseline -0.004 0"><span class='ocrx_word' id='word_1_221' title='bbox 750 4155 1042 4208; x_wconf 86' lang='lat' dir='ltr'><strong>taviensem</strong></span> <span class='ocrx_word' id='word_1_222' title='bbox 1065 4153 1556 4206; x_wconf 86' lang='lat' dir='ltr'><strong>archidiaconum-</strong></span> 
     </span>
     <span class='ocr_line' id='line_1_40' title="bbox 542 4229 1885 4309; baseline 0 -17"><span class='ocrx_word' id='word_1_223' title='bbox 542 4229 664 4293; x_wconf 87' lang='grc'><strong>423.</strong></span> <span class='ocrx_word' id='word_1_224' title='bbox 700 4239 898 4293; x_wconf 87' lang='lat' dir='ltr'><strong>Willel.</strong></span> <span class='ocrx_word' id='word_1_225' title='bbox 921 4239 1110 4309; x_wconf 85' lang='lat' dir='ltr'><strong>prioris</strong></span> <span class='ocrx_word' id='word_1_226' title='bbox 1132 4246 1187 4292; x_wconf 89' lang='lat' dir='ltr'><strong>et</strong></span> <span class='ocrx_word' id='word_1_227' title='bbox 1209 4247 1501 4292; x_wconf 83' lang='lat' dir='ltr'><strong>conventus</strong></span> <span class='ocrx_word' id='word_1_228' title='bbox 1530 4238 1657 4291; x_wconf 88' lang='lat' dir='ltr'><strong>eccl.</strong></span> <span class='ocrx_word' id='word_1_229' title='bbox 1684 4238 1885 4292; x_wconf 80' lang='lat' dir='ltr'><strong>Christi</strong></span> 
     </span>
     <span class='ocr_line' id='line_1_41' title="bbox 757 4322 1712 4377; baseline -0.001 0"><span class='ocrx_word' id='word_1_230' title='bbox 757 4322 1014 4377; x_wconf 86' lang='lat' dir='ltr'><strong>Cantuar.</strong></span> <span class='ocrx_word' id='word_1_231' title='bbox 1038 4323 1110 4377; x_wconf 87' lang='lat' dir='ltr'><strong>ad</strong></span> <span class='ocrx_word' id='word_1_232' title='bbox 1132 4324 1281 4377; x_wconf 84' lang='lat' dir='ltr'><strong>univ.</strong></span> <span class='ocrx_word' id='word_1_233' title='bbox 1307 4324 1507 4377; x_wconf 84' lang='lat' dir='ltr'><strong>Christi</strong></span> <span class='ocrx_word' id='word_1_234' title='bbox 1530 4322 1712 4376; x_wconf 83' lang='lat' dir='ltr'><strong>fideles</strong></span> 
     </span>
    </p>
   </div>
   <div class='ocr_carea' id='block_1_5' title="bbox 542 4407 1888 4563">
    <p class='ocr_par' dir='ltr' id='par_1_32' title="bbox 542 4407 1888 4563">
     <span class='ocr_line' id='line_1_42' title="bbox 542 4407 1884 4480; baseline -0.001 -18"><span class='ocrx_word' id='word_1_235' title='bbox 542 4411 664 4463; x_wconf 88' lang='grc'><strong>424.</strong></span> <span class='ocrx_word' id='word_1_236' title='bbox 700 4408 900 4478; x_wconf 83' lang='lat' dir='ltr'><strong>Rogeri</strong></span> <span class='ocrx_word' id='word_1_237' title='bbox 925 4408 1145 4463; x_wconf 82' lang='lat' dir='ltr'><strong>Eborac.</strong></span> <span class='ocrx_word' id='word_1_238' title='bbox 1170 4409 1398 4480; x_wconf 83' lang='lat' dir='ltr'><strong>archiep.</strong></span> <span class='ocrx_word' id='word_1_239' title='bbox 1424 4408 1494 4462; x_wconf 86' lang='lat' dir='ltr'><strong>ad</strong></span> <span class='ocrx_word' id='word_1_240' title='bbox 1516 4407 1884 4463; x_wconf 85' lang='lat' dir='ltr'><strong>Alexandrum</strong></span> 
     </span>
     <span class='ocr_line' id='line_1_43' title="bbox 753 4509 1888 4563; baseline -0.001 0"><span class='ocrx_word' id='word_1_241' title='bbox 753 4509 947 4563; x_wconf 64' lang='lat' dir='ltr'><strong>Papam</strong></span> <span class='ocrx_word' id='word_1_242' title='bbox 1044 4522 1066 4532; x_wconf 91' lang='lat'><strong>·</strong></span> <span class='ocrx_word' id='word_1_243' title='bbox 1208 4522 1230 4534; x_wconf 87' lang='lat'><strong>·</strong></span> <span class='ocrx_word' id='word_1_244' title='bbox 1535 4522 1558 4534; x_wconf 89' lang='lat'><em>·</em></span> <span class='ocrx_word' id='word_1_245' title='bbox 1703 4522 1725 4533; x_wconf 88' lang='lat'><em>·</em></span> <span class='ocrx_word' id='word_1_246' title='bbox 1866 4521 1888 4533; x_wconf 90' lang='grc'><em>·</em></span> 
     </span>
    </p>
   </div>
   <div class='ocr_carea' id='block_1_6' title="bbox 38 0 3170 172">
    <p class='ocr_par' dir='ltr' id='par_1_33' title="bbox 38 0 3170 172">
     <span class='ocr_line' id='line_1_44' title="bbox 38 0 3170 172; baseline 0 5220"><span class='ocrx_word' id='word_1_247' title='bbox 38 0 3170 172; x_wconf 95' lang='lat' dir='ltr'><strong> </strong></span> 
     </span>
    </p>
   </div>
   <div class='ocr_carea' id='block_1_7' title="bbox 2374 853 2440 916">
    <p class='ocr_par' dir='ltr' id='par_1_34' title="bbox 2374 853 2440 916">
     <span class='ocr_line' id='line_1_45' title="bbox 2374 853 2440 916; baseline 0 0"><span class='ocrx_word' id='word_1_248' title='bbox 2374 853 2440 916; x_wconf 90' lang='lat' dir='ltr'><strong>ix</strong></span> 
     </span>
    </p>
   </div>
   <div class='ocr_carea' id='block_1_8' title="bbox 2023 1031 2270 1215">
    <p class='ocr_par' dir='ltr' id='par_1_35' title="bbox 2023 1031 2270 1215">
     <span class='ocr_line' id='line_1_46' title="bbox 2023 1031 2270 1130; baseline 0.008 -2"><span class='ocrx_word' id='word_1_249' title='bbox 2023 1031 2270 1130; x_wconf 60' lang='lat' dir='ltr'><strong>Reddita·</strong></span> 
     </span>
     <span class='ocr_line' id='line_1_47' title="bbox 2024 1160 2209 1215; baseline 0.005 -1"><span class='ocrx_word' id='word_1_250' title='bbox 2024 1160 2209 1215; x_wconf 87' lang='lat' dir='ltr'><strong>Placet</strong></span> 
     </span>
    </p>
   </div>
   <div class='ocr_carea' id='block_1_9' title="bbox 2022 1419 2401 1644">
    <p class='ocr_par' dir='ltr' id='par_1_36' title="bbox 2022 1419 2401 1644">
     <span class='ocr_line' id='line_1_48' title="bbox 2024 1419 2359 1473; baseline 0.006 -2"><span class='ocrx_word' id='word_1_251' title='bbox 2024 1419 2359 1473; x_wconf 80' lang='lat' dir='ltr'><strong>Venerabilis</strong></span> 
     </span>
     <span class='ocr_line' id='line_1_49' title="bbox 2024 1504 2401 1575; baseline 0.008 -18"><span class='ocrx_word' id='word_1_252' title='bbox 2024 1504 2401 1575; x_wconf 78' lang='lat' dir='ltr'><strong>significamus</strong></span> 
     </span>
     <span class='ocr_line' id='line_1_50' title="bbox 2022 1590 2379 1644; baseline 0.006 -1"><span class='ocrx_word' id='word_1_253' title='bbox 2022 1590 2379 1644; x_wconf 79' lang='lat' dir='ltr'><strong>Notificamus</strong></span> 
     </span>
    </p>
   </div>
   <div class='ocr_carea' id='block_1_10' title="bbox 2016 1760 2314 2758">
    <p class='ocr_par' dir='ltr' id='par_1_37' title="bbox 2027 1760 2230 1901">
     <span class='ocr_line' id='line_1_51' title="bbox 2027 1760 2230 1815; baseline 0.015 -3"><span class='ocrx_word' id='word_1_254' title='bbox 2027 1760 2230 1815; x_wconf 80' lang='lat' dir='ltr'><strong>Vestrae</strong></span> 
     </span>
     <span class='ocr_line' id='line_1_52' title="bbox 2027 1846 2132 1901; baseline 0.01 -1"><span class='ocrx_word' id='word_1_255' title='bbox 2027 1846 2132 1901; x_wconf 90' lang='lat' dir='ltr'><strong>Per</strong></span> 
     </span>
    </p>

    <p class='ocr_par' dir='ltr' id='par_1_38' title="bbox 2016 1932 2314 2758">
     <span class='ocr_line' id='line_1_53' title="bbox 2030 1932 2184 1987; baseline 0.013 -2"><span class='ocrx_word' id='word_1_256' title='bbox 2030 1932 2184 1987; x_wconf 89' lang='lat' dir='ltr'><strong>Licet</strong></span> 
     </span>
     <span class='ocr_line' id='line_1_54' title="bbox 2025 2019 2256 2088; baseline 0.009 -16"><span class='ocrx_word' id='word_1_257' title='bbox 2025 2019 2256 2088; x_wconf 72' lang='lat' dir='ltr'><strong>Cognito</strong></span> 
     </span>
     <span class='ocr_line' id='line_1_55' title="bbox 2027 2104 2266 2174; baseline 0.004 -17"><span class='ocrx_word' id='word_1_258' title='bbox 2027 2104 2266 2174; x_wconf 87' lang='lat' dir='ltr'><strong>Expedit</strong></span> 
     </span>
     <span class='ocr_line' id='line_1_56' title="bbox 2023 2189 2314 2243; baseline 0.01 -4"><span class='ocrx_word' id='word_1_259' title='bbox 2023 2189 2314 2243; x_wconf 78' lang='lat' dir='ltr'><strong>Venientes</strong></span> 
     </span>
     <span class='ocr_line' id='line_1_57' title="bbox 2019 2275 2185 2329; baseline 0 0"><span class='ocrx_word' id='word_1_260' title='bbox 2019 2275 2185 2329; x_wconf 91' lang='lat' dir='ltr'><strong>Illum</strong></span> 
     </span>
     <span class='ocr_line' id='line_1_58' title="bbox 2024 2361 2178 2415; baseline 0.006 -1"><span class='ocrx_word' id='word_1_261' title='bbox 2024 2361 2178 2415; x_wconf 85' lang='lat' dir='ltr'><strong>Licet</strong></span> 
     </span>
     <span class='ocr_line' id='line_1_59' title="bbox 2027 2446 2303 2501; baseline 0.004 -2"><span class='ocrx_word' id='word_1_262' title='bbox 2027 2446 2303 2501; x_wconf 90' lang='lat' dir='ltr'><strong>Nuncium</strong></span> 
     </span>
     <span class='ocr_line' id='line_1_60' title="bbox 2020 2532 2267 2588; baseline 0.008 -2"><span class='ocrx_word' id='word_1_263' title='bbox 2020 2532 2267 2588; x_wconf 87' lang='lat' dir='ltr'><strong>Innotuit</strong></span> 
     </span>
     <span class='ocr_line' id='line_1_61' title="bbox 2016 2618 2171 2673; baseline 0.019 -3"><span class='ocrx_word' id='word_1_264' title='bbox 2016 2618 2171 2673; x_wconf 82' lang='lat' dir='ltr'><strong>Illius</strong></span> 
     </span>
     <span class='ocr_line' id='line_1_62' title="bbox 2017 2705 2283 2758; baseline 0.004 -1"><span class='ocrx_word' id='word_1_265' title='bbox 2017 2705 2283 2758; x_wconf 60' lang='lat' dir='ltr'><strong>Amicitiae</strong></span> 
     </span>
    </p>
   </div>
   <div class='ocr_carea' id='block_1_11' title="bbox 2028 2873 2346 2927">
    <p class='ocr_par' dir='ltr' id='par_1_39' title="bbox 2028 2873 2346 2927">
     <span class='ocr_line' id='line_1_63' title="bbox 2028 2873 2346 2927; baseline 0.003 -1"><span class='ocrx_word' id='word_1_266' title='bbox 2028 2873 2346 2927; x_wconf 84' lang='lat' dir='ltr'><strong>Discretioni</strong></span> 
     </span>
    </p>
   </div>
   <div class='ocr_carea' id='block_1_12' title="bbox 2024 3042 2367 3525">
    <p class='ocr_par' dir='ltr' id='par_1_40' title="bbox 2024 3042 2367 3268">
     <span class='ocr_line' id='line_1_64' title="bbox 2024 3042 2153 3097; baseline 0.016 -2"><span class='ocrx_word' id='word_1_267' title='bbox 2024 3042 2153 3097; x_wconf 92' lang='lat' dir='ltr'><strong>Noli</strong></span> 
     </span>
     <span class='ocr_line' id='line_1_65' title="bbox 2027 3129 2367 3200; baseline -0.003 -17"><span class='ocrx_word' id='word_1_268' title='bbox 2027 3129 2367 3200; x_wconf 82' lang='lat' dir='ltr'><strong>Suscepimus</strong></span> 
     </span>
     <span class='ocr_line' id='line_1_66' title="bbox 2026 3214 2147 3268; baseline 0 -1"><span class='ocrx_word' id='word_1_269' title='bbox 2026 3214 2147 3268; x_wconf 77' lang='lat' dir='ltr'><strong>Etsi</strong></span> 
     </span>
    </p>

    <p class='ocr_par' dir='ltr' id='par_1_41' title="bbox 2024 3298 2265 3525">
     <span class='ocr_line' id='line_1_67' title="bbox 2024 3298 2149 3360; baseline 0 -8"><span class='ocrx_word' id='word_1_270' title='bbox 2024 3298 2149 3360; x_wconf 86' lang='lat' dir='ltr'><strong>Qua</strong></span> 
     </span>
     <span class='ocr_line' id='line_1_68' title="bbox 2027 3384 2251 3437; baseline -0.009 0"><span class='ocrx_word' id='word_1_271' title='bbox 2027 3384 2251 3437; x_wconf 83' lang='lat' dir='ltr'><strong>Gravati</strong></span> 
     </span>
     <span class='ocr_line' id='line_1_69' title="bbox 2031 3468 2265 3525; baseline -0.017 0"><span class='ocrx_word' id='word_1_272' title='bbox 2031 3468 2265 3525; x_wconf 84' lang='lat' dir='ltr'><strong>Causam</strong></span> 
     </span>
    </p>
   </div>
   <div class='ocr_carea' id='block_1_13' title="bbox 2026 3554 2143 3608">
    <p class='ocr_par' dir='ltr' id='par_1_42' title="bbox 2026 3554 2143 3608">
     <span class='ocr_line' id='line_1_70' title="bbox 2026 3554 2143 3608; baseline -0.017 1"><span class='ocrx_word' id='word_1_273' title='bbox 2026 3554 2143 3608; x_wconf 87' lang='lat' dir='ltr'><strong>Nos</strong></span> 
     </span>
    </p>
   </div>
   <div class='ocr_carea' id='block_1_14' title="bbox 2030 3639 2484 3709">
    <p class='ocr_par' dir='ltr' id='par_1_43' title="bbox 2030 3639 2484 3709">
     <span class='ocr_line' id='line_1_71' title="bbox 2030 3639 2484 3709; baseline -0.002 -16"><span class='ocrx_word' id='word_1_274' title='bbox 2030 3639 2301 3709; x_wconf 81' lang='lat' dir='ltr'><strong>Supremis</strong></span> <span class='ocrx_word' id='word_1_275' title='bbox 2377 3678 2378 3681; x_wconf 66' lang='lat'>,</span> <span class='ocrx_word' id='word_1_276' title='bbox 2477 3676 2484 3682; x_wconf 88' lang='lat'>-</span> 
     </span>
    </p>
   </div>
   <div class='ocr_carea' id='block_1_15' title="bbox 2027 3809 2138 3863">
    <p class='ocr_par' dir='ltr' id='par_1_44' title="bbox 2027 3809 2138 3863">
     <span class='ocr_line' id='line_1_72' title="bbox 2027 3809 2138 3863; baseline 0 -1"><span class='ocrx_word' id='word_1_277' title='bbox 2027 3809 2138 3863; x_wconf 77' lang='lat' dir='ltr'><strong>Eos</strong></span> 
     </span>
    </p>
   </div>
   <div class='ocr_carea' id='block_1_16' title="bbox 2030 3981 2380 4035">
    <p class='ocr_par' dir='ltr' id='par_1_45' title="bbox 2030 3981 2380 4035">
     <span class='ocr_line' id='line_1_73' title="bbox 2030 3981 2380 4035; baseline 0 -1"><span class='ocrx_word' id='word_1_278' title='bbox 2030 3981 2380 4035; x_wconf 81' lang='lat' dir='ltr'><strong>Calamitates</strong></span> 
     </span>
    </p>
   </div>
   <div class='ocr_carea' id='block_1_17' title="bbox 2026 4152 2180 4206">
    <p class='ocr_par' dir='ltr' id='par_1_46' title="bbox 2026 4152 2180 4206">
     <span class='ocr_line' id='line_1_74' title="bbox 2026 4152 2180 4206; baseline 0.006 -1"><span class='ocrx_word' id='word_1_279' title='bbox 2026 4152 2180 4206; x_wconf 83' lang='lat' dir='ltr'><strong>Licet</strong></span> 
     </span>
    </p>
   </div>
   <div class='ocr_carea' id='block_1_18' title="bbox 2030 4321 2241 4376">
    <p class='ocr_par' dir='ltr' id='par_1_47' title="bbox 2030 4321 2241 4376">
     <span class='ocr_line' id='line_1_75' title="bbox 2030 4321 2241 4376; baseline 0.005 -2"><span class='ocrx_word' id='word_1_280' title='bbox 2030 4321 2241 4376; x_wconf 77' lang='lat' dir='ltr'><strong>Decene</strong></span> 
     </span>
    </p>
   </div>
   <div class='ocr_carea' id='block_1_19' title="bbox 2030 4492 2089 4545">
    <p class='ocr_par' dir='ltr' id='par_1_48' title="bbox 2030 4492 2089 4545">
     <span class='ocr_line' id='line_1_76' title="bbox 2030 4492 2089 4545; baseline -0.034 0"><span class='ocrx_word' id='word_1_281' title='bbox 2030 4492 2089 4545; x_wconf 89' lang='lat' dir='ltr'><strong>Si</strong></span> 
     </span>
    </p>
   </div>
  </div>
 </body>
</html>
