3200 5392
564 847 698 889 A.D.
735 824 1129 906 1161—89.]
1230 843 1563 887 ErlsroLAE
1596 843 1918 893 QUAEDAM.
2335 825 2461 885 255

562 995 745 1058 papae
782 996 903 1039 nec
943 973 1222 1038 dominis
1252 974 1487 1038 nostris
1518 964 1958 1037 cardinalibus
1977 973 2191 1056 aliqua
2217 972 2467 1037 ratione

563 1077 930 1160 persuaderi
972 1083 1344 1160 potuerunt,
1390 1077 1500 1139 illa
1541 1082 1894 1140 tractemus
1926 1097 2069 1159 quae
2106 1097 2466 1159 possumus,

566 1186 883 1262 quantum
931 1180 1012 1243 ad
1060 1179 1469 1242 securitatem
1517 1179 1735 1257 eundi,
1783 1179 2097 1257 morandi,
2140 1186 2206 1242 et
2255 1179 2309 1242 si
2353 1199 2467 1242 ne—

566 1300 739 1345 cesse
782 1282 979 1345 fuerit
1022 1281 1415 1346 revertendi:
1464 1283 1752 1345 sufficere
1782 1281 2014 1345 debere
2044 1281 2380 1358 credimus,
2414 1282 2469 1344 si

565 1391 698 1448 tres
733 1384 863 1447 illae
902 1405 1207 1467 personae,
1240 1406 1512 1467 quarum
1548 1386 1619 1447 in
1657 1384 1859 1448 literis
1890 1385 2113 1448 vestris
2142 1384 2471 1448 meminis-

566 1488 670 1566 tis,
702 1509 811 1551 vos
840 1489 912 1551 in
939 1488 1134 1551 fidem
1167 1509 1351 1551 suam
1378 1487 1757 1569 receperint.
1851 1485 2105 1551 Quibus
2143 1492 2364 1550 tamen
2402 1493 2473 1549 et

566 1591 795 1655 fratres
840 1591 1083 1674 templi,
1117 1591 1171 1654 si
1213 1591 1353 1654 fieri
1394 1597 1628 1674 potest,
1676 1589 1865 1673 adjici
1909 1590 2355 1668 desiderarem,
2389 1590 2469 1653 de

568 1713 841 1774 quorum
872 1692 1135 1755 consilio
1164 1713 1341 1754 nunc
1370 1692 1721 1774 plurimum
1750 1713 1862 1755 rex
1891 1692 2171 1775 pendere
2216 1693 2470 1771 dicitur,

566 1799 878 1875 tanquam
937 1793 1152 1856 nescio
1212 1793 1366 1875 quid
1425 1800 1742 1857 secretum
1801 1816 1951 1858 cum
2017 1795 2096 1857 iis
2162 1802 2471 1873 tractans,

571 1915 771 1976 quum
814 1901 1038 1957 tamen
1079 1894 1292 1976 ipsum
1337 1895 1554 1959 omnia
1597 1896 1668 1958 in
1715 1895 1859 1959 dolo
1904 1904 1971 1960 et
2015 1897 2224 1961 dicere
2269 1906 2336 1962 et
2377 1899 2472 1962 fa-

572 2016 715 2058 cere
757 1994 1051 2073 arbitrer,
1093 1995 1260 2058 sicut
1304 1996 1375 2057 in
1417 1996 1681 2078 negotio
1719 2005 1930 2061 vestro
1966 1999 2136 2080 quod
2179 2021 2294 2082 per
2336 2021 2473 2063 eos-

572 2097 718 2160 dem
763 2098 995 2160 fratres
1042 2097 1462 2174 tractabatur,
1505 2098 1720 2180 ipsum
1763 2098 2125 2161 ambulasse
2174 2099 2352 2162 vobis
2400 2100 2474 2161 in

572 2196 712 2259 aliis
761 2195 965 2259 literis
1018 2196 1532 2278 significavimus.
1642 2196 1713 2258 Si
1769 2196 1930 2258 mihi
1986 2197 2212 2259 nuncii
2268 2198 2477 2259 nostri

573 2319 721 2361 vera
777 2298 965 2361 nobis
1020 2297 1504 2381 reportaverint,
1554 2298 1770 2361 clerici
1828 2297 2074 2361 domini
2122 2297 2477 2361 Rothoma-

572 2400 786 2483 gensis
838 2400 988 2463 Dan
1001 2400 1141 2484 [iel]
1197 2401 1437 2464 scilicet
1497 2407 1562 2463 et
1613 2400 1811 2463 frater
1857 2401 1994 2482 ejus
2045 2399 2351 2481 magister
2401 2400 2475 2462 Τ.

572 2525 708 2567 non
750 2503 929 2565 illam
974 2525 1167 2586 quam
1213 2502 1665 2566 desiderabant
1707 2502 1954 2565 reditus
2001 2502 2195 2566 vestri
2242 2504 2476 2566 securi-

572 2612 775 2670 tatem
818 2605 1028 2669 adhuc
1072 2606 1192 2670 sub
1238 2607 1452 2670 reditu
1494 2613 1862 2669 nostrorum
1905 2611 2300 2688 receperant,
2343 2605 2487 2669 imo.¹

572 2709 915 2792 praedictus
952 2710 1014 2772 D
1029 2709 1252 2792 [aniel]
1295 2709 1447 2792 quia
1484 2709 1716 2799 fortius
1758 2709 1840 2772 ad
1881 2708 2242 2773 securitatis
2277 2709 2476 2772 firmi-

573 2818 780 2874 tatem
808 2810 1112 2888 instabat,
1144 2811 1413 2874 molesta
1443 2833 1483 2874 a
1510 2832 1662 2892 rege
1692 2811 1887 2874 verba
1913 2812 2174 2894 recepit.
2229 2813 2478 2875 Verum

576 2913 629 2975 si
651 2932 762 2975 vos
789 2912 1161 2995 imperatrix
1191 2919 1257 2976 et
1287 2913 1585 2977 dominus
1611 2914 2146 2997 Rothomagensis
2176 2914 2258 2977 ad
2286 2935 2477 2977 suum

574 3015 988 3079 invitaverint
1046 3017 1453 3099 colloquium,
1514 3018 1913 3082 confidenter
1971 3018 2305 3096 accedetis,
2367 3018 2482 3081 sed

579 3125 893 3200 quantum
934 3119 1095 3181 mihi
1132 3119 1403 3197 videtur,
1439 3141 1576 3183 non
1617 3121 1758 3184 dico
1797 3122 2037 3204 paucis,
2080 3121 2192 3184 sed
2230 3122 2478 3204 paucis-

579 3221 758 3284 simis
815 3220 1177 3298 comitatuS,
1237 3228 1314 3284 ut
1369 3222 1599 3285 faciem
1659 3223 1979 3285 exulantis
2034 3223 2174 3305 ipsa
2232 3244 2481 3304 quoque

578 3323 903 3406 paucitate
943 3323 1334 3405 exprimatis.
1423 3324 1640 3405 Magis
1687 3325 1862 3387 enim
1911 3345 2133 3386 omnes
2181 3324 2264 3386 ad
2310 3345 2480 3387 com-

578 3426 939 3511 passionem
992 3426 1272 3491 movebit
1326 3426 1619 3510 paucitas
1675 3427 1804 3505 illa,
1854 3448 2047 3509 quam
2107 3427 2161 3489 si
2219 3432 2482 3489 centum

576 3537 723 3615 post
752 3550 862 3594 vos
893 3530 973 3593 de
1003 3529 1372 3607 coexulibus
1405 3530 1628 3592 vestris
1656 3530 2017 3592 traheretis.
2066 3593 2071 3598 ,
2111 3529 2273 3594 Quis
2306 3528 2482 3591 enim

580 3634 718 3698 sine
761 3635 970 3696 multo
1013 3633 1222 3697 cordis
1268 3633 1485 3696 dolore
1525 3633 1739 3696 videre
1775 3632 2012 3716 poterit
2054 3632 2241 3695 illum
2280 3653 2491 3714 quon--

582 3736 730 3800 dam
767 3736 935 3819 regis
973 3735 1440 3814 cancellarium,
1471 3743 1540 3798 et
1578 3757 1755 3798 nunc
1794 3735 1865 3797 in
1904 3740 2107 3798 tantae
2145 3733 2480 3816 dignitatis

579 3840 835 3921 fastigio
866 3840 1311 3917 constitutum,
1345 3839 1454 3922 qui
1487 3843 1674 3901 tanto
1702 3839 1775 3900 in
1801 3847 2077 3921 utroque
2108 3844 2284 3901 statu
2312 3836 2484 3900 fastu

583 3940 940 4018 incedebat,
988 3947 1092 4004 tot
1137 3942 1410 4024 stipatus
1458 3940 1811 4019 ordinibus,
1859 3961 1993 4023 pro·
2028 3940 2307 4004 ecclesiae
2351 3956 2484 4002 suae

583 4041 882 4106 libertate
940 4042 1022 4105 ad
1081 4051 1433 4106 extremam
1491 4043 1842 4107 deductum
1892 4049 2358 4128 paupertatem,
2405 4050 2484 4105 ut

584 4144 689 4208 vix
748 4150 863 4206 aut
920 4144 1090 4212 duos,
1141 4153 1255 4208 aut
1319 4152 1451 4208 tres
1511 4146 1842 4228 religiosos
1900 4153 2044 4228 post
2110 4167 2179 4208 se
2241 4144 2480 4207 trahat.

586 4245 911 4311 Praeterca
939 4247 1218 4312 ecclesiae
1246 4249 1454 4313 obiter
1481 4250 1868 4327 constitutae,
1900 4270 2008 4313 vos
2032 4248 2123 4321 Vin
2167 4246 2378 4311 eundo
2417 4252 2484 4308 et

586 4350 917 4414 redeundo
952 4350 1248 4414 exhibere
1287 4352 1426 4415 sine
1464 4373 1659 4416 onere
1694 4358 2020 4436 poterunt,
2053 4351 2134 4414 ad
2163 4371 2323 4432 quas
2350 4370 2486 4412 non

586 4455 794 4518 solum
842 4453 1363 4518 declinandorum
1418 4462 1815 4538 sumptuum,
1863 4455 1975 4518 sed
2032 4452 2238 4535 magis
2290 4452 2484 4544 orati-
