3200 5392
704 768 837 833 326
1420 788 1912 832 ANoNYMoRUM

708 1121 1148 1187 EPISTOLA
1194 1121 1574 1186 DXVII.—
1610 1169 1886 1185 ......
1917 1142 2023 1185 ΕΡ.
2066 1144 2157 1186 An
2197 1144 2615 1187 sinemurum.

758 1273 1021 1337 Domino
1050 1273 1466 1337 Londoniensi
1494 1274 1756 1335 salutem
1773 1280 2144 1353 proesentem
2172 1280 2233 1338 et
2245 1273 2557 1355 futuram.

800 1424 1009 1486 S1cu'r
1038 1422 1238 1487 tradit
1270 1422 1563 1505 quaedam
1593 1422 1977 1505 eloquentiae
2005 1445 2279 1505 persona
2309 1425 2617 1503 sublimis,

710 1526 1007 1608 ingratus
1037 1532 1135 1588 est
1158 1524 1269 1607 qui
1297 1531 1495 1607 negat
1526 1545 1593 1587 se
1623 1524 2004 1589 beneficium
2037 1526 2372 1608 accepisse,
2404 1529 2619 1610 ingra-

712 1631 859 1708 tior,
892 1629 1002 1713 qui
1038 1628 1419 1706 dissimulat,
1451 1628 1927 1709 ingratissimus
1967 1628 2277 1708 omnium,
2310 1631 2422 1713 qui
2460 1631 2618 1694 obli—

712 1742 819 1796 tus
867 1740 987 1795 est.
1077 1732 1185 1795 Ne
1223 1732 1424 1814 igitur
1465 1731 1655 1795 famae
1700 1739 1928 1795 vestrae
1970 1732 2145 1796 nitor
2188 1734 2482 1816 egregius
2523 1734 2619 1796 in-

716 1834 1131 1918 gratitudinis
1169 1833 1365 1917 hujus
1404 1834 1504 1897 vel
1542 1834 1715 1897 illius
1750 1834 2045 1899 videatur
2072 1834 2350 1899 carbone
2379 1837 2622 1919 nigres-

718 1957 882 2014 cere,
934 1942 1163 2018 tangat
1209 1936 1586 2000 memoriam
1639 1944 1916 2000 vestram
1965 1938 2078 2001 illa
2127 1939 2421 2022 magistri
2465 1941 2628 2005 Adae

715 2040 884 2103 circa
937 2060 1050 2102 vos
1108 2059 1409 2102 curarum
1469 2038 1769 2120 gravitas,
1832 2039 2140 2105 doctrinae
2197 2043 2626 2124 profunditas,

715 2142 1037 2206 alimoniae
1088 2141 1372 2218 ubertas,
1424 2147 1751 2224 postremo
1802 2142 2076 2221 fervens,
2133 2143 2336 2209 immo
2396 2146 2626 2209 ardens

717 2246 967 2309 caritas.
1059 2244 1324 2308 Haereat
1383 2244 1599 2306 animo
1659 2251 1868 2308 vestro
1923 2253 2168 2328 quanta
2225 2269 2398 2326 cura,
2453 2248 2626 2334 quali

718 2348 1034 2431 amplexu,
1077 2368 1271 2429 quam
1315 2346 1573 2430 speciali
1617 2346 1969 2431 privilegio,
2014 2350 2127 2413 illa
2170 2350 2447 2415 doctoris
2491 2373 2626 2414 ves-

714 2450 822 2528 tri,
868 2450 1317 2534 procuratoris,
1348 2449 1603 2529 tutoris,
1638 2449 1913 2534 diligens
1958 2452 2306 2534 vigilantia,
2338 2475 2448 2517 vos
2492 2475 2625 2516 non

718 2553 910 2617 modo
955 2574 1148 2636 supra
1189 2552 1555 2632 familiares,
1586 2574 1810 2617 verum
1856 2575 2048 2637 supra
2091 2556 2410 2635 quoslibet
2455 2577 2624 2619 mor-

717 2655 879 2718 tales
919 2654 1334 2737 adoptaverit,
1369 2656 1769 2739 qualiterque
1812 2657 1949 2741 ejus
1994 2657 2258 2740 spiritus
2301 2658 2372 2721 in
2416 2664 2627 2722 vestro

720 2764 796 2820 ut
841 2756 936 2820 ita
982 2755 1213 2834 dicam,
1256 2756 1488 2840 spiritu
1536 2758 1866 2840 quieverit.
1955 2759 2314 2824 Tantorum
2360 2782 2513 2844 ergo
2562 2768 2629 2825 et

720 2860 1005 2943 plurium
1053 2861 1594 2943 contemplatione
1648 2862 2028 2926 meritorum
2074 2872 2140 2926 et
2191 2885 2483 2928 mearum
2529 2866 2629 2928 in-

720 2962 1123 3026 terventione
1174 2984 1457 3046 precum,
1509 2964 1571 3026 J.
1626 2964 1898 3028 latorem
1949 2967 2366 3048 praesentium
2425 2968 2633 3047 gratia

724 3073 934 3129 vestra
977 3086 1053 3128 eo
1096 3065 1560 3130 benevolentiae
1601 3067 1899 3149 respiciat
1937 3069 2204 3147 intuitu,
2238 3091 2380 3153 quae
2408 3080 2633 3134 vestrae

726 3174 1039 3250 congruat
1084 3168 1432 3246 sanctitati,
1465 3176 1531 3232 et
1575 3176 1863 3253 paternae
1904 3172 2288 3254 respondeat
2328 3174 2631 3236 sollicitu-

727 3270 884 3348 dini,
918 3270 1223 3353 quatinus
1266 3271 1437 3334 filius
1483 3271 1767 3335 utilitate
1812 3274 2068 3351 sentiat,
2102 3275 2273 3356 quod
2315 3283 2500 3358 pater
2541 3277 2632 3339 la-

727 3372 881 3436 bore
920 3374 1292 3456 promeruit.
1383 3373 1580 3438 Pater
1631 3376 1806 3438 enim
1857 3376 1995 3459 ejus
2040 3398 2187 3440 cum
2232 3378 2351 3441 fati
2395 3401 2633 3442 munus

726 3476 1042 3558 impleret,
1096 3477 1301 3540 filium
1350 3477 1633 3561 reliquit,
1666 3500 1791 3543 aere
1842 3480 2050 3543 alieno
2103 3489 2457 3562 gravatum,
2505 3482 2631 3543 fra-

728 3587 904 3641 trum
954 3580 1418 3644 numerositate
1475 3581 1881 3664 impeditum‚
1934 3582 2262 3645 'redituum
2316 3582 2635 3665 angustiis

729 3681 1169 3760 constrictum,
1202 3689 1268 3745 et
1306 3682 1690 3765 quibusdam
1736 3684 1875 3747 aliis
1919 3683 2190 3747 nexibus
2234 3685 2630 3748 intricatum.

730 3781 934 3845 Decet
987 3804 1139 3865 ergo
1193 3784 1669 3849 dilectissimam
1720 3787 2093 3869 religionem
2144 3794 2441 3866 vestram,
2492 3810 2637 3872 quae

732 3885 928 3947 etiam
987 3883 1260 3948 aliorum
1319 3887 1626 3969 praevenit
1684 3891 1933 3968 merita,
1993 3892 2186 3974 hujus
2246 3892 2637 3956 devotissimi

727 3987 924 4050 vestri
969 3988 1304 4052 attendere
1348 3993 1726 4071 necessaria,
1760 4000 1825 4056 et
1866 3994 1997 4057 filio
2042 3994 2456 4059 sublimitatis
2500 4018 2636 4060 ves-

729 4098 848 4154 trae
907 4091 1121 4155 sinum
1175 4092 1416 4176 aperire
1476 4094 1945 4160 misericordiae.
2036 4097 2271 4162 Valeat
2331 4100 2639 4164 sanctitas

730 4200 941 4258 vestra
969 4195 1039 4258 in
1071 4196 1352 4260 Domino
1383 4196 1729 4260 carissima.
