<?xml version="1.0" encoding="UTF-8"?>
<!DOCTYPE html PUBLIC "-//W3C//DTD XHTML 1.0 Transitional//EN"
    "http://www.w3.org/TR/xhtml1/DTD/xhtml1-transitional.dtd">
<html xmlns="http://www.w3.org/1999/xhtml" xml:lang="en" lang="en">
 <head>
  <title>
</title>
<meta http-equiv="Content-Type" content="text/html;charset=utf-8" />
  <meta name='ocr-system' content='tesseract 3.04.00' />
  <meta name='ocr-capabilities' content='ocr_page ocr_carea ocr_par ocr_line ocrx_word'/>
</head>
<body>
  <div class='ocr_page' id='page_1' title='image "./gilbertiexabbat01gilegoog_0256.png"; bbox 0 0 3200 5392; ppageno 0'>
   <div class='ocr_carea' id='block_1_1' title="bbox 708 726 1899 790">
    <p class='ocr_par' dir='ltr' id='par_1_1' title="bbox 708 726 1899 790">
     <span class='ocr_line' id='line_1_1' title="bbox 708 726 1899 790; baseline -0.001 0"><span class='ocrx_word' id='word_1_1' title='bbox 708 726 841 790; x_wconf 76' lang='lat'>240</span> <span class='ocrx_word' id='word_1_2' title='bbox 1428 744 1899 790; x_wconf 74' lang='lat' dir='ltr'>snscoromm</span> 
     </span>
    </p>
   </div>
   <div class='ocr_carea' id='block_1_2' title="bbox 704 857 2621 4019">
    <p class='ocr_par' dir='ltr' id='par_1_2' title="bbox 704 857 2621 4019">
     <span class='ocr_line' id='line_1_2' title="bbox 704 857 2618 942; baseline 0.002 -19"><span class='ocrx_word' id='word_1_3' title='bbox 704 859 779 923; x_wconf 83' lang='lat' dir='ltr'>in</span> <span class='ocrx_word' id='word_1_4' title='bbox 810 857 1071 937; x_wconf 85' lang='lat' dir='ltr'>eisdem,</span> <span class='ocrx_word' id='word_1_5' title='bbox 1101 862 1443 942; x_wconf 87' lang='lat' dir='ltr'>postquam</span> <span class='ocrx_word' id='word_1_6' title='bbox 1470 858 1659 924; x_wconf 71' lang='lat' dir='ltr'>lectae</span> <span class='ocrx_word' id='word_1_7' title='bbox 1685 864 1921 937; x_wconf 85' lang='lat' dir='ltr'>essent,</span> <span class='ocrx_word' id='word_1_8' title='bbox 1945 860 2521 939; x_wconf 74' lang='lat' dir='ltr'><strong>communicandis,</strong></span> <span class='ocrx_word' id='word_1_9' title='bbox 2552 868 2618 925; x_wconf 83' lang='lat' dir='ltr'>et</span> 
     </span>
     <span class='ocr_line' id='line_1_3' title="bbox 707 958 2616 1044; baseline 0.001 -18"><span class='ocrx_word' id='word_1_10' title='bbox 707 961 907 1027; x_wconf 82' lang='lat' dir='ltr'>etiam</span> <span class='ocrx_word' id='word_1_11' title='bbox 949 960 1020 1024; x_wconf 91' lang='lat' dir='ltr'>in</span> <span class='ocrx_word' id='word_1_12' title='bbox 1058 958 1469 1024; x_wconf 78' lang='lat' dir='ltr'>rescribendo</span> <span class='ocrx_word' id='word_1_13' title='bbox 1496 958 1696 1038; x_wconf 83' lang='lat' dir='ltr'>vobis,</span> <span class='ocrx_word' id='word_1_14' title='bbox 1727 960 1781 1023; x_wconf 91' lang='lat' dir='ltr'>si</span> <span class='ocrx_word' id='word_1_15' title='bbox 1827 960 1981 1044; x_wconf 79' lang='lat' dir='ltr'>quid</span> <span class='ocrx_word' id='word_1_16' title='bbox 2025 962 2378 1028; x_wconf 75' lang='lat' dir='ltr'>rescribere</span> <span class='ocrx_word' id='word_1_17' title='bbox 2405 963 2616 1041; x_wconf 87' lang='lat' dir='ltr'>vellet,</span> 
     </span>
     <span class='ocr_line' id='line_1_4' title="bbox 708 1062 2618 1150; baseline 0.002 -22"><span class='ocrx_word' id='word_1_18' title='bbox 708 1062 993 1128; x_wconf 87' lang='lat' dir='ltr'>absentis</span> <span class='ocrx_word' id='word_1_19' title='bbox 1021 1062 1235 1128; x_wconf 90' lang='lat' dir='ltr'>locum</span> <span class='ocrx_word' id='word_1_20' title='bbox 1274 1062 1660 1146; x_wconf 73' lang='lat' dir='ltr'><strong>supplerem.</strong></span> <span class='ocrx_word' id='word_1_21' title='bbox 1749 1063 1839 1128; x_wconf 88' lang='lat' dir='ltr'>Et</span> <span class='ocrx_word' id='word_1_22' title='bbox 1871 1064 2177 1147; x_wconf 87' lang='lat' dir='ltr'>quoniam</span> <span class='ocrx_word' id='word_1_23' title='bbox 2212 1066 2493 1150; x_wconf 90' lang='lat' dir='ltr'>spatium</span> <span class='ocrx_word' id='word_1_24' title='bbox 2523 1065 2618 1130; x_wconf 90' lang='lat' dir='ltr'>illi</span> 
     </span>
     <span class='ocr_line' id='line_1_5' title="bbox 709 1151 2617 1252; baseline 0.002 -22"><span class='ocrx_word' id='word_1_25' title='bbox 709 1164 793 1230; x_wconf 77' lang='lat' dir='ltr'>ad</span> <span class='ocrx_word' id='word_1_26' title='bbox 836 1186 932 1244; x_wconf 86' lang='lat' dir='ltr'>ea,</span> <span class='ocrx_word' id='word_1_27' title='bbox 975 1185 1119 1248; x_wconf 80' lang='lat' dir='ltr'>quse</span> <span class='ocrx_word' id='word_1_28' title='bbox 1160 1163 1511 1229; x_wconf 72' lang='lat' dir='ltr'>rescribere</span> <span class='ocrx_word' id='word_1_29' title='bbox 1551 1151 1826 1243; x_wconf 78' lang='lat' dir='ltr'>volebat,</span> <span class='ocrx_word' id='word_1_30' title='bbox 1871 1186 2005 1230; x_wconf 90' lang='lat' dir='ltr'>non</span> <span class='ocrx_word' id='word_1_31' title='bbox 2050 1167 2453 1252; x_wconf 67' lang='lat' dir='ltr'>suppetebat,</span> <span class='ocrx_word' id='word_1_32' title='bbox 2497 1168 2617 1233; x_wconf 91' lang='lat' dir='ltr'>im-</span> 
     </span>
     <span class='ocr_line' id='line_1_6' title="bbox 708 1267 2618 1355; baseline 0.001 -21"><span class='ocrx_word' id='word_1_33' title='bbox 708 1270 984 1355; x_wconf 80' lang='lat' dir='ltr'>petravit</span> <span class='ocrx_word' id='word_1_34' title='bbox 1014 1291 1054 1333; x_wconf 92' lang='lat' dir='ltr'>a</span> <span class='ocrx_word' id='word_1_35' title='bbox 1082 1289 1206 1347; x_wconf 91' lang='lat' dir='ltr'>me,</span> <span class='ocrx_word' id='word_1_36' title='bbox 1237 1276 1315 1332; x_wconf 89' lang='lat' dir='ltr'>ut</span> <span class='ocrx_word' id='word_1_37' title='bbox 1343 1267 1584 1345; x_wconf 85' lang='lat' dir='ltr'>literas,</span> <span class='ocrx_word' id='word_1_38' title='bbox 1615 1288 1774 1351; x_wconf 85' lang='lat' dir='ltr'>quas</span> <span class='ocrx_word' id='word_1_39' title='bbox 1805 1267 1889 1332; x_wconf 65' lang='lat' dir='ltr'>G.</span> <span class='ocrx_word' id='word_1_40' title='bbox 1921 1288 2039 1333; x_wconf 88' lang='lat' dir='ltr'>suo</span> <span class='ocrx_word' id='word_1_41' title='bbox 2073 1268 2453 1348; x_wconf 77' lang='lat' dir='ltr'>mittebatis,</span> <span class='ocrx_word' id='word_1_42' title='bbox 2482 1271 2618 1355; x_wconf 92' lang='lat' dir='ltr'>ipse</span> 
     </span>
     <span class='ocr_line' id='line_1_7' title="bbox 706 1370 2616 1456; baseline -0.001 -18"><span class='ocrx_word' id='word_1_43' title='bbox 706 1374 779 1438; x_wconf 91' lang='lat' dir='ltr'>in</span> <span class='ocrx_word' id='word_1_44' title='bbox 799 1390 1001 1437; x_wconf 88' lang='lat' dir='ltr'>manu</span> <span class='ocrx_word' id='word_1_45' title='bbox 1029 1392 1148 1436; x_wconf 89' lang='lat' dir='ltr'>sua</span> <span class='ocrx_word' id='word_1_46' title='bbox 1174 1370 1451 1435; x_wconf 85' lang='lat' dir='ltr'>fideliter</span> <span class='ocrx_word' id='word_1_47' title='bbox 1475 1370 1811 1454; x_wconf 85' lang='lat' dir='ltr'>reciperet,</span> <span class='ocrx_word' id='word_1_48' title='bbox 1835 1378 1901 1435; x_wconf 90' lang='lat' dir='ltr'>et</span> <span class='ocrx_word' id='word_1_49' title='bbox 1929 1370 2092 1450; x_wconf 90' lang='lat' dir='ltr'>illas,</span> <span class='ocrx_word' id='word_1_50' title='bbox 2119 1392 2277 1455; x_wconf 88' lang='lat' dir='ltr'>quas</span> <span class='ocrx_word' id='word_1_51' title='bbox 2305 1373 2428 1456; x_wconf 87' lang='lat' dir='ltr'>ipsi</span> <span class='ocrx_word' id='word_1_52' title='bbox 2456 1392 2616 1456; x_wconf 83' lang='lat' dir='ltr'>prae-</span> 
     </span>
     <span class='ocr_line' id='line_1_8' title="bbox 708 1471 2615 1560; baseline -0.001 -20"><span class='ocrx_word' id='word_1_53' title='bbox 708 1476 1012 1560; x_wconf 81' lang='lat' dir='ltr'>legeram,</span> <span class='ocrx_word' id='word_1_54' title='bbox 1043 1472 1163 1538; x_wconf 88' lang='lat' dir='ltr'>sub</span> <span class='ocrx_word' id='word_1_55' title='bbox 1193 1471 1344 1537; x_wconf 86' lang='lat' dir='ltr'>fidei</span> <span class='ocrx_word' id='word_1_56' title='bbox 1374 1494 1508 1537; x_wconf 83' lang='lat' dir='ltr'>suae</span> <span class='ocrx_word' id='word_1_57' title='bbox 1541 1472 2005 1557; x_wconf 82' lang='lat' dir='ltr'>pollicitatione</span> <span class='ocrx_word' id='word_1_58' title='bbox 2035 1474 2238 1538; x_wconf 87' lang='lat' dir='ltr'>donec</span> <span class='ocrx_word' id='word_1_59' title='bbox 2268 1474 2350 1537; x_wconf 86' lang='lat' dir='ltr'>ad</span> <span class='ocrx_word' id='word_1_60' title='bbox 2380 1495 2486 1538; x_wconf 89' lang='lat' dir='ltr'>eas</span> <span class='ocrx_word' id='word_1_61' title='bbox 2516 1496 2615 1539; x_wconf 87' lang='lat' dir='ltr'>re-</span> 
     </span>
     <span class='ocr_line' id='line_1_9' title="bbox 708 1575 2617 1661; baseline -0.001 -17"><span class='ocrx_word' id='word_1_62' title='bbox 708 1577 1062 1661; x_wconf 72' lang='lat' dir='ltr'>scripsisset</span> <span class='ocrx_word' id='word_1_63' title='bbox 1114 1582 1536 1653; x_wconf 77' lang='lat' dir='ltr'>conservaret,</span> <span class='ocrx_word' id='word_1_64' title='bbox 1583 1575 1833 1640; x_wconf 85' lang='lat' dir='ltr'>nullius</span> <span class='ocrx_word' id='word_1_65' title='bbox 1879 1576 2064 1641; x_wconf 84' lang='lat' dir='ltr'>oculo</span> <span class='ocrx_word' id='word_1_66' title='bbox 2115 1576 2242 1641; x_wconf 90' lang='lat' dir='ltr'>nisi</span> <span class='ocrx_word' id='word_1_67' title='bbox 2276 1576 2617 1660; x_wconf 71' lang='lat' dir='ltr'>‘saepedicti</span> 
     </span>
     <span class='ocr_line' id='line_1_10' title="bbox 710 1676 2614 1763; baseline -0.001 -17"><span class='ocrx_word' id='word_1_68' title='bbox 710 1681 795 1746; x_wconf 81' lang='lat' dir='ltr'>G.</span> <span class='ocrx_word' id='word_1_69' title='bbox 845 1679 989 1744; x_wconf 80' lang='lat' dir='ltr'>illas</span> <span class='ocrx_word' id='word_1_70' title='bbox 1038 1677 1428 1763; x_wconf 86' lang='lat' dir='ltr'>inspecturo.</span> <span class='ocrx_word' id='word_1_71' title='bbox 1515 1676 1607 1742; x_wconf 81' lang='lat' dir='ltr'>Et</span> <span class='ocrx_word' id='word_1_72' title='bbox 1651 1678 1708 1742; x_wconf 87' lang='lat' dir='ltr'>is</span> <span class='ocrx_word' id='word_1_73' title='bbox 1759 1686 2078 1762; x_wconf 84' lang='lat' dir='ltr'>quantum</span> <span class='ocrx_word' id='word_1_74' title='bbox 2127 1680 2290 1743; x_wconf 85' lang='lat' dir='ltr'>mihi</span> <span class='ocrx_word' id='word_1_75' title='bbox 2339 1679 2614 1760; x_wconf 82' lang='lat' dir='ltr'>videtur,</span> 
     </span>
     <span class='ocr_line' id='line_1_11' title="bbox 707 1781 2618 1867; baseline 0 -18"><span class='ocrx_word' id='word_1_76' title='bbox 707 1783 1097 1867; x_wconf 87' lang='lat' dir='ltr'>compatitur</span> <span class='ocrx_word' id='word_1_77' title='bbox 1121 1781 1376 1866; x_wconf 88' lang='lat' dir='ltr'>injuriis</span> <span class='ocrx_word' id='word_1_78' title='bbox 1405 1802 1549 1864; x_wconf 81' lang='lat' dir='ltr'>quae</span> <span class='ocrx_word' id='word_1_79' title='bbox 1578 1781 1863 1847; x_wconf 61' lang='lat' dir='ltr'>ecelesiae</span> <span class='ocrx_word' id='word_1_80' title='bbox 1891 1782 2017 1847; x_wconf 91' lang='lat' dir='ltr'>Dei</span> <span class='ocrx_word' id='word_1_81' title='bbox 2044 1782 2434 1867; x_wconf 74' lang='lat' dir='ltr'>irrogantm,</span> <span class='ocrx_word' id='word_1_82' title='bbox 2465 1791 2532 1849; x_wconf 80' lang='lat' dir='ltr'>et</span> <span class='ocrx_word' id='word_1_83' title='bbox 2562 1785 2618 1849; x_wconf 87' lang='lat' dir='ltr'>si</span> 
     </span>
     <span class='ocr_line' id='line_1_12' title="bbox 708 1882 2617 1970; baseline 0 -18"><span class='ocrx_word' id='word_1_84' title='bbox 708 1908 843 1952; x_wconf 90' lang='lat' dir='ltr'>non</span> <span class='ocrx_word' id='word_1_85' title='bbox 892 1906 1098 1969; x_wconf 89' lang='lat' dir='ltr'>usque</span> <span class='ocrx_word' id='word_1_86' title='bbox 1149 1905 1398 1968; x_wconf 88' lang='lat' dir='ltr'>quaque</span> <span class='ocrx_word' id='word_1_87' title='bbox 1455 1882 1727 1949; x_wconf 80' lang='lat' dir='ltr'>forsitan</span> <span class='ocrx_word' id='word_1_88' title='bbox 1783 1885 2331 1970; x_wconf 86' lang='lat' dir='ltr'>contemplatione</span> <span class='ocrx_word' id='word_1_89' title='bbox 2381 1886 2617 1967; x_wconf 84' lang='lat' dir='ltr'>divina,</span> 
     </span>
     <span class='ocr_line' id='line_1_13' title="bbox 709 1986 2618 2074; baseline 0 -19"><span class='ocrx_word' id='word_1_90' title='bbox 709 1996 1004 2074; x_wconf 84' lang='lat' dir='ltr'>respectu</span> <span class='ocrx_word' id='word_1_91' title='bbox 1044 1994 1287 2067; x_wconf 88' lang='lat' dir='ltr'>tamen,</span> <span class='ocrx_word' id='word_1_92' title='bbox 1317 1992 1396 2050; x_wconf 90' lang='lat' dir='ltr'>ut</span> <span class='ocrx_word' id='word_1_93' title='bbox 1438 1986 1758 2065; x_wconf 85' lang='lat' dir='ltr'>existimo,</span> <span class='ocrx_word' id='word_1_94' title='bbox 1803 1987 2163 2052; x_wconf 85' lang='lat' dir='ltr'>affectionis</span> <span class='ocrx_word' id='word_1_95' title='bbox 2207 1989 2454 2054; x_wconf 80' lang='lat' dir='ltr'>&#39;domini</span> <span class='ocrx_word' id='word_1_96' title='bbox 2499 1991 2618 2069; x_wconf 91' lang='lat' dir='ltr'>sui,</span> 
     </span>
     <span class='ocr_line' id='line_1_14' title="bbox 710 2089 2619 2176; baseline 0 -18"><span class='ocrx_word' id='word_1_97' title='bbox 710 2093 835 2171; x_wconf 83' lang='lat' dir='ltr'>cui,</span> <span class='ocrx_word' id='word_1_98' title='bbox 867 2098 1186 2176; x_wconf 87' lang='lat' dir='ltr'>quantum</span> <span class='ocrx_word' id='word_1_99' title='bbox 1225 2089 1735 2155; x_wconf 84' lang='lat' dir='ltr'>animadvertere</span> <span class='ocrx_word' id='word_1_100' title='bbox 1778 2110 2062 2174; x_wconf 90' lang='lat' dir='ltr'>possum,</span> <span class='ocrx_word' id='word_1_101' title='bbox 2091 2090 2302 2171; x_wconf 87' lang='lat' dir='ltr'>timet,</span> <span class='ocrx_word' id='word_1_102' title='bbox 2332 2112 2419 2158; x_wconf 89' lang='lat' dir='ltr'>ne</span> <span class='ocrx_word' id='word_1_103' title='bbox 2452 2093 2619 2158; x_wconf 80' lang='lat' dir='ltr'>forte</span> 
     </span>
     <span class='ocr_line' id='line_1_15' title="bbox 708 2192 2617 2279; baseline 0 -19"><span class='ocrx_word' id='word_1_104' title='bbox 708 2196 781 2260; x_wconf 90' lang='lat' dir='ltr'>in</span> <span class='ocrx_word' id='word_1_105' title='bbox 809 2195 928 2274; x_wconf 90' lang='lat' dir='ltr'>his,</span> <span class='ocrx_word' id='word_1_106' title='bbox 960 2216 1105 2279; x_wconf 81' lang='lat' dir='ltr'>quae</span> <span class='ocrx_word' id='word_1_107' title='bbox 1134 2192 1289 2276; x_wconf 83' lang='lat' dir='ltr'>agit,</span> <span class='ocrx_word' id='word_1_108' title='bbox 1320 2215 1360 2257; x_wconf 92' lang='lat' dir='ltr'>a</span> <span class='ocrx_word' id='word_1_109' title='bbox 1388 2192 1549 2271; x_wconf 92' lang='lat' dir='ltr'>Deo,</span> <span class='ocrx_word' id='word_1_110' title='bbox 1581 2210 1775 2276; x_wconf 88' lang='lat' dir='ltr'>quem</span> <span class='ocrx_word' id='word_1_111' title='bbox 1815 2193 2143 2259; x_wconf 80' lang='lat' dir='ltr'>offendere</span> <span class='ocrx_word' id='word_1_112' title='bbox 2172 2195 2443 2274; x_wconf 83' lang='lat' dir='ltr'>videtur,</span> <span class='ocrx_word' id='word_1_113' title='bbox 2474 2214 2617 2279; x_wconf 85' lang='lat' dir='ltr'>per-</span> 
     </span>
     <span class='ocr_line' id='line_1_16' title="bbox 710 2294 2615 2380; baseline -0.001 -17"><span class='ocrx_word' id='word_1_114' title='bbox 710 2298 1013 2364; x_wconf 85' lang='lat' dir='ltr'>cutiatur.</span> <span class='ocrx_word' id='word_1_115' title='bbox 1103 2294 1247 2380; x_wconf 83' lang='lat' dir='ltr'>Ego</span> <span class='ocrx_word' id='word_1_116' title='bbox 1289 2315 1440 2359; x_wconf 81' lang='lat' dir='ltr'>vero</span> <span class='ocrx_word' id='word_1_117' title='bbox 1486 2295 1820 2359; x_wconf 88' lang='lat' dir='ltr'>dominum</span> <span class='ocrx_word' id='word_1_118' title='bbox 1857 2295 2333 2375; x_wconf 86' lang='lat' dir='ltr'>Ebroicensem,</span> <span class='ocrx_word' id='word_1_119' title='bbox 2366 2305 2432 2361; x_wconf 87' lang='lat' dir='ltr'>et</span> <span class='ocrx_word' id='word_1_120' title='bbox 2470 2297 2615 2361; x_wconf 89' lang='lat' dir='ltr'>illos</span> 
     </span>
     <span class='ocr_line' id='line_1_17' title="bbox 712 2400 2613 2486; baseline -0.001 -21"><span class='ocrx_word' id='word_1_121' title='bbox 712 2402 824 2486; x_wconf 90' lang='lat' dir='ltr'>qui</span> <span class='ocrx_word' id='word_1_122' title='bbox 867 2422 1013 2465; x_wconf 87' lang='lat' dir='ltr'>cum</span> <span class='ocrx_word' id='word_1_123' title='bbox 1058 2422 1135 2465; x_wconf 96' lang='lat' dir='ltr'>eo</span> <span class='ocrx_word' id='word_1_124' title='bbox 1178 2400 1517 2485; x_wconf 75' lang='lat' dir='ltr'>praeibant,</span> <span class='ocrx_word' id='word_1_125' title='bbox 1553 2401 1765 2466; x_wconf 80' lang='lat' dir='ltr'>literis</span> <span class='ocrx_word' id='word_1_126' title='bbox 1802 2409 2061 2466; x_wconf 83' lang='lat' dir='ltr'>tantum</span> <span class='ocrx_word' id='word_1_127' title='bbox 2102 2409 2497 2484; x_wconf 84' lang='lat' dir='ltr'>prosecutus,</span> <span class='ocrx_word' id='word_1_128' title='bbox 2541 2401 2613 2464; x_wconf 92' lang='lat' dir='ltr'>in</span> 
     </span>
     <span class='ocr_line' id='line_1_18' title="bbox 709 2503 2617 2589; baseline 0 -21"><span class='ocrx_word' id='word_1_129' title='bbox 709 2512 919 2589; x_wconf 83' lang='lat' dir='ltr'>coepto</span> <span class='ocrx_word' id='word_1_130' title='bbox 960 2504 1196 2568; x_wconf 90' lang='lat' dir='ltr'>itinere</span> <span class='ocrx_word' id='word_1_131' title='bbox 1238 2504 1468 2583; x_wconf 87' lang='lat' dir='ltr'>institi,</span> <span class='ocrx_word' id='word_1_132' title='bbox 1515 2511 1583 2569; x_wconf 90' lang='lat' dir='ltr'>et</span> <span class='ocrx_word' id='word_1_133' title='bbox 1628 2503 1709 2569; x_wconf 86' lang='lat' dir='ltr'>ab</span> <span class='ocrx_word' id='word_1_134' title='bbox 1758 2504 1982 2570; x_wconf 79' lang='lat' dir='ltr'>eodem</span> <span class='ocrx_word' id='word_1_135' title='bbox 2029 2510 2256 2581; x_wconf 84' lang='lat' dir='ltr'>castro,</span> <span class='ocrx_word' id='word_1_136' title='bbox 2301 2503 2371 2569; x_wconf 83' lang='lat' dir='ltr'>id</span> <span class='ocrx_word' id='word_1_137' title='bbox 2392 2511 2531 2583; x_wconf 83' lang='lat' dir='ltr'>est,</span> <span class='ocrx_word' id='word_1_138' title='bbox 2576 2524 2617 2568; x_wconf 87' lang='lat' dir='ltr'>a</span> 
     </span>
     <span class='ocr_line' id='line_1_19' title="bbox 708 2602 2618 2690; baseline 0 -18"><span class='ocrx_word' id='word_1_139' title='bbox 708 2605 994 2685; x_wconf 85' lang='lat' dir='ltr'>Luchiis,</span> <span class='ocrx_word' id='word_1_140' title='bbox 1039 2605 1453 2690; x_wconf 85' lang='lat' dir='ltr'>praesentium</span> <span class='ocrx_word' id='word_1_141' title='bbox 1502 2606 1774 2672; x_wconf 86' lang='lat' dir='ltr'>latorem</span> <span class='ocrx_word' id='word_1_142' title='bbox 1802 2607 1911 2672; x_wconf 79' lang='lat' dir='ltr'>ad</span> <span class='ocrx_word' id='word_1_143' title='bbox 1954 2626 2063 2671; x_wconf 81' lang='lat' dir='ltr'>vos</span> <span class='ocrx_word' id='word_1_144' title='bbox 2090 2606 2353 2672; x_wconf 85' lang='lat' dir='ltr'>remisi.</span> <span class='ocrx_word' id='word_1_145' title='bbox 2432 2602 2618 2673; x_wconf 64' lang='lat' dir='ltr'>“Prte-</span> 
     </span>
     <span class='ocr_line' id='line_1_20' title="bbox 709 2706 2619 2793; baseline -0.001 -20"><span class='ocrx_word' id='word_1_146' title='bbox 709 2708 859 2774; x_wconf 89' lang='lat' dir='ltr'>misi</span> <span class='ocrx_word' id='word_1_147' title='bbox 900 2715 1119 2773; x_wconf 89' lang='lat' dir='ltr'>autem</span> <span class='ocrx_word' id='word_1_148' title='bbox 1162 2728 1505 2787; x_wconf 85' lang='lat' dir='ltr'>cursorem,</span> <span class='ocrx_word' id='word_1_149' title='bbox 1541 2726 1658 2793; x_wconf 88' lang='lat' dir='ltr'>per</span> <span class='ocrx_word' id='word_1_150' title='bbox 1700 2726 1895 2792; x_wconf 86' lang='lat' dir='ltr'>quem</span> <span class='ocrx_word' id='word_1_151' title='bbox 1939 2706 2240 2772; x_wconf 85' lang='lat' dir='ltr'>abbatem</span> <span class='ocrx_word' id='word_1_152' title='bbox 2276 2707 2619 2773; x_wconf 63' lang='lat' dir='ltr'>‘Pontinia-</span> 
     </span>
     <span class='ocr_line' id='line_1_21' title="bbox 710 2810 2618 2895; baseline -0.001 -18"><span class='ocrx_word' id='word_1_153' title='bbox 710 2830 988 2890; x_wconf 83' lang='lat' dir='ltr'>censem,</span> <span class='ocrx_word' id='word_1_154' title='bbox 1017 2818 1095 2876; x_wconf 87' lang='lat' dir='ltr'>ut</span> <span class='ocrx_word' id='word_1_155' title='bbox 1134 2811 1294 2876; x_wconf 89' lang='lat' dir='ltr'>mihi</span> <span class='ocrx_word' id='word_1_156' title='bbox 1335 2811 1408 2875; x_wconf 89' lang='lat' dir='ltr'>in</span> <span class='ocrx_word' id='word_1_157' title='bbox 1437 2811 1617 2876; x_wconf 84' lang='lat' dir='ltr'>curia</span> <span class='ocrx_word' id='word_1_158' title='bbox 1645 2817 1958 2889; x_wconf 81' lang='lat' dir='ltr'>occurrat,</span> <span class='ocrx_word' id='word_1_159' title='bbox 1989 2810 2213 2889; x_wconf 83' lang='lat' dir='ltr'>invito,</span> <span class='ocrx_word' id='word_1_160' title='bbox 2247 2811 2359 2895; x_wconf 85' lang='lat' dir='ltr'>qui</span> <span class='ocrx_word' id='word_1_161' title='bbox 2384 2810 2618 2876; x_wconf 75' lang='lat' dir='ltr'>Clarae-</span> 
     </span>
     <span class='ocr_line' id='line_1_22' title="bbox 711 2910 2619 2993; baseline -0.001 -14"><span class='ocrx_word' id='word_1_162' title='bbox 711 2914 1023 2993; x_wconf 88' lang='lat' dir='ltr'>Vallensi,</span> <span class='ocrx_word' id='word_1_163' title='bbox 1055 2923 1121 2979; x_wconf 90' lang='lat' dir='ltr'>et</span> <span class='ocrx_word' id='word_1_164' title='bbox 1161 2914 1242 2979; x_wconf 84' lang='lat' dir='ltr'>de</span> <span class='ocrx_word' id='word_1_165' title='bbox 1280 2914 1694 2992; x_wconf 78' lang='lat' dir='ltr'>Fossa-nova,</span> <span class='ocrx_word' id='word_1_166' title='bbox 1725 2910 1968 2977; x_wconf 83' lang='lat' dir='ltr'>ordinis</span> <span class='ocrx_word' id='word_1_167' title='bbox 2012 2914 2111 2976; x_wconf 80' lang='lat' dir='ltr'>sui</span> <span class='ocrx_word' id='word_1_168' title='bbox 2155 2912 2519 2992; x_wconf 86' lang='lat' dir='ltr'>abbatibus,</span> <span class='ocrx_word' id='word_1_169' title='bbox 2549 2914 2619 2977; x_wconf 93' lang='lat' dir='ltr'>in</span> 
     </span>
     <span class='ocr_line' id='line_1_23' title="bbox 709 3015 2620 3101; baseline -0.002 -19"><span class='ocrx_word' id='word_1_170' title='bbox 709 3017 973 3101; x_wconf 83' lang='lat' dir='ltr'>negotio</span> <span class='ocrx_word' id='word_1_171' title='bbox 1000 3025 1212 3082; x_wconf 80' lang='lat' dir='ltr'>vestro</span> <span class='ocrx_word' id='word_1_172' title='bbox 1254 3015 1592 3081; x_wconf 86' lang='lat' dir='ltr'>nobiscum</span> <span class='ocrx_word' id='word_1_173' title='bbox 1636 3021 2034 3099; x_wconf 75' lang='lat' dir='ltr'>cooperetur,</span> <span class='ocrx_word' id='word_1_174' title='bbox 2065 3015 2121 3079; x_wconf 90' lang='lat' dir='ltr'>si</span> <span class='ocrx_word' id='word_1_175' title='bbox 2160 3015 2306 3081; x_wconf 89' lang='lat' dir='ltr'>illos</span> <span class='ocrx_word' id='word_1_176' title='bbox 2345 3016 2514 3081; x_wconf 85' lang='lat' dir='ltr'>forte</span> <span class='ocrx_word' id='word_1_177' title='bbox 2549 3016 2620 3079; x_wconf 86' lang='lat' dir='ltr'>in</span> 
     </span>
     <span class='ocr_line' id='line_1_24' title="bbox 712 3110 2616 3202; baseline -0.001 -17"><span class='ocrx_word' id='word_1_178' title='bbox 712 3120 891 3185; x_wconf 88' lang='lat' dir='ltr'>curia</span> <span class='ocrx_word' id='word_1_179' title='bbox 930 3119 1386 3185; x_wconf 85' lang='lat' dir='ltr'>invenerimus.</span> <span class='ocrx_word' id='word_1_180' title='bbox 1478 3118 1755 3197; x_wconf 80' lang='lat' dir='ltr'>Quibus,</span> <span class='ocrx_word' id='word_1_181' title='bbox 1785 3124 1979 3201; x_wconf 86' lang='lat' dir='ltr'>prout</span> <span class='ocrx_word' id='word_1_182' title='bbox 2010 3115 2193 3182; x_wconf 87' lang='lat' dir='ltr'>Deus</span> <span class='ocrx_word' id='word_1_183' title='bbox 2236 3110 2616 3202; x_wconf 82' lang='lat' dir='ltr'>permiserit,</span> 
     </span>
     <span class='ocr_line' id='line_1_25' title="bbox 712 3220 2620 3308; baseline -0.002 -20"><span class='ocrx_word' id='word_1_184' title='bbox 712 3223 999 3308; x_wconf 85' lang='lat' dir='ltr'>expletis,</span> <span class='ocrx_word' id='word_1_185' title='bbox 1050 3223 1366 3288; x_wconf 90' lang='lat' dir='ltr'>nuncium</span> <span class='ocrx_word' id='word_1_186' title='bbox 1419 3220 1508 3286; x_wconf 72' lang='lat' dir='ltr'>ad</span> <span class='ocrx_word' id='word_1_187' title='bbox 1555 3238 1668 3286; x_wconf 80' lang='lat' dir='ltr'>vos</span> <span class='ocrx_word' id='word_1_188' title='bbox 1728 3220 2005 3303; x_wconf 84' lang='lat' dir='ltr'>dirigere</span> <span class='ocrx_word' id='word_1_189' title='bbox 2062 3220 2453 3301; x_wconf 83' lang='lat' dir='ltr'>curabimus,</span> <span class='ocrx_word' id='word_1_190' title='bbox 2504 3240 2620 3306; x_wconf 88' lang='lat' dir='ltr'>per</span> 
     </span>
     <span class='ocr_line' id='line_1_26' title="bbox 712 3323 2616 3411; baseline -0.003 -20"><span class='ocrx_word' id='word_1_191' title='bbox 712 3346 905 3411; x_wconf 88' lang='lat' dir='ltr'>quem</span> <span class='ocrx_word' id='word_1_192' title='bbox 956 3327 1175 3391; x_wconf 88' lang='lat' dir='ltr'>omnia</span> <span class='ocrx_word' id='word_1_193' title='bbox 1227 3325 1311 3389; x_wconf 86' lang='lat' dir='ltr'>ad</span> <span class='ocrx_word' id='word_1_194' title='bbox 1359 3344 1470 3390; x_wconf 84' lang='lat' dir='ltr'>vos</span> <span class='ocrx_word' id='word_1_195' title='bbox 1525 3323 1629 3388; x_wconf 80' lang='lat' dir='ltr'>vei</span> <span class='ocrx_word' id='word_1_196' title='bbox 1687 3323 1770 3388; x_wconf 87' lang='lat' dir='ltr'>ad</span> <span class='ocrx_word' id='word_1_197' title='bbox 1822 3340 1947 3387; x_wconf 82' lang='lat' dir='ltr'>nos</span> <span class='ocrx_word' id='word_1_198' title='bbox 2004 3324 2420 3407; x_wconf 82' lang='lat' dir='ltr'>pertinentia,</span> <span class='ocrx_word' id='word_1_199' title='bbox 2475 3340 2616 3406; x_wconf 79' lang='lat' dir='ltr'>quae</span> 
     </span>
     <span class='ocr_line' id='line_1_27' title="bbox 711 3425 2614 3511; baseline -0.003 -18"><span class='ocrx_word' id='word_1_200' title='bbox 711 3428 1080 3511; x_wconf 84' lang='lat' dir='ltr'>cognitione</span> <span class='ocrx_word' id='word_1_201' title='bbox 1124 3435 1338 3492; x_wconf 81' lang='lat' dir='ltr'>vestra</span> <span class='ocrx_word' id='word_1_202' title='bbox 1384 3427 1585 3511; x_wconf 82' lang='lat' dir='ltr'>digna</span> <span class='ocrx_word' id='word_1_203' title='bbox 1629 3425 2161 3504; x_wconf 86' lang='lat' dir='ltr'>existimabimus,</span> <span class='ocrx_word' id='word_1_204' title='bbox 2192 3425 2369 3490; x_wconf 81' lang='lat' dir='ltr'>vobis</span> <span class='ocrx_word' id='word_1_205' title='bbox 2416 3425 2614 3507; x_wconf 74' lang='lat' dir='ltr'>signi-&#39;-</span> 
     </span>
     <span class='ocr_line' id='line_1_28' title="bbox 711 3528 2614 3612; baseline -0.003 -16"><span class='ocrx_word' id='word_1_206' title='bbox 711 3532 903 3596; x_wconf 86' lang='lat' dir='ltr'>ficare</span> <span class='ocrx_word' id='word_1_207' title='bbox 932 3529 1352 3595; x_wconf 83' lang='lat' dir='ltr'>studebimus.</span> <span class='ocrx_word' id='word_1_208' title='bbox 1413 3530 1517 3595; x_wconf 90' lang='lat' dir='ltr'>De</span> <span class='ocrx_word' id='word_1_209' title='bbox 1545 3534 1778 3594; x_wconf 72' lang='lat' dir='ltr'>caetero</span> <span class='ocrx_word' id='word_1_210' title='bbox 1806 3528 2186 3612; x_wconf 82' lang='lat' dir='ltr'>paternitati</span> <span class='ocrx_word' id='word_1_211' title='bbox 2211 3533 2437 3591; x_wconf 78' lang='lat' dir='ltr'>vestrae</span> <span class='ocrx_word' id='word_1_212' title='bbox 2464 3545 2614 3610; x_wconf 87' lang='lat' dir='ltr'>sup-</span> 
     </span>
     <span class='ocr_line' id='line_1_29' title="bbox 711 3626 2617 3717; baseline -0.005 -19"><span class='ocrx_word' id='word_1_213' title='bbox 711 3634 881 3717; x_wconf 83' lang='lat' dir='ltr'>plioo</span> <span class='ocrx_word' id='word_1_214' title='bbox 938 3655 1054 3717; x_wconf 83' lang='lat' dir='ltr'>pro</span> <span class='ocrx_word' id='word_1_215' title='bbox 1081 3664 1084 3667; x_wconf 41' lang='lat'>*</span> <span class='ocrx_word' id='word_1_216' title='bbox 1112 3633 1341 3697; x_wconf 87' lang='lat' dir='ltr'>clerico</span> <span class='ocrx_word' id='word_1_217' title='bbox 1390 3639 1624 3710; x_wconf 85' lang='lat' dir='ltr'>vestro,</span> <span class='ocrx_word' id='word_1_218' title='bbox 1680 3630 1887 3695; x_wconf 85' lang='lat' dir='ltr'>amico</span> <span class='ocrx_word' id='word_1_219' title='bbox 1943 3649 2108 3706; x_wconf 85' lang='lat' dir='ltr'>meo,</span> <span class='ocrx_word' id='word_1_220' title='bbox 2160 3627 2484 3691; x_wconf 74' lang='lat' dir='ltr'>Turstano</span> <span class='ocrx_word' id='word_1_221' title='bbox 2535 3626 2617 3690; x_wconf 86' lang='lat' dir='ltr'>de</span> 
     </span>
     <span class='ocr_line' id='line_1_30' title="bbox 712 3728 2620 3816; baseline -0.004 -16"><span class='ocrx_word' id='word_1_222' title='bbox 712 3736 973 3814; x_wconf 86' lang='lat' dir='ltr'>Burins,</span> <span class='ocrx_word' id='word_1_223' title='bbox 1003 3742 1081 3800; x_wconf 87' lang='lat' dir='ltr'>ut</span> <span class='ocrx_word' id='word_1_224' title='bbox 1125 3736 1334 3816; x_wconf 86' lang='lat' dir='ltr'>gratia</span> <span class='ocrx_word' id='word_1_225' title='bbox 1374 3740 1586 3799; x_wconf 84' lang='lat' dir='ltr'>vestra</span> <span class='ocrx_word' id='word_1_226' title='bbox 1630 3731 1714 3797; x_wconf 73' lang='lat' dir='ltr'>ad</span> <span class='ocrx_word' id='word_1_227' title='bbox 1757 3754 1864 3797; x_wconf 91' lang='lat' dir='ltr'>me</span> <span class='ocrx_word' id='word_1_228' title='bbox 1901 3732 2003 3797; x_wconf 78' lang='lat' dir='ltr'>vel</span> <span class='ocrx_word' id='word_1_229' title='bbox 2045 3729 2241 3795; x_wconf 87' lang='lat' dir='ltr'>semel</span> <span class='ocrx_word' id='word_1_230' title='bbox 2266 3728 2620 3795; x_wconf 75' lang='lat' dir='ltr'>videndum</span> 
     </span>
     <span class='ocr_line' id='line_1_31' title="bbox 711 3834 2621 3920; baseline -0.001 -19"><span class='ocrx_word' id='word_1_231' title='bbox 711 3836 927 3901; x_wconf 79' lang='lat' dir='ltr'>venire</span> <span class='ocrx_word' id='word_1_232' title='bbox 976 3836 1349 3920; x_wconf 84' lang='lat' dir='ltr'>permittat:</span> <span class='ocrx_word' id='word_1_233' title='bbox 1416 3856 1629 3920; x_wconf 90' lang='lat' dir='ltr'>quem,</span> <span class='ocrx_word' id='word_1_234' title='bbox 1683 3836 1738 3899; x_wconf 88' lang='lat' dir='ltr'>si</span> <span class='ocrx_word' id='word_1_235' title='bbox 1788 3834 2093 3920; x_wconf 83' lang='lat' dir='ltr'>obsequio</span> <span class='ocrx_word' id='word_1_236' title='bbox 2134 3841 2352 3899; x_wconf 82' lang='lat' dir='ltr'>vestro</span> <span class='ocrx_word' id='word_1_237' title='bbox 2398 3854 2621 3899; x_wconf 83' lang='lat' dir='ltr'>neees-</span> 
     </span>
     <span class='ocr_line' id='line_1_32' title="bbox 714 3937 2592 4019; baseline -0.002 -14"><span class='ocrx_word' id='word_1_238' title='bbox 714 3939 917 4005; x_wconf 85' lang='lat' dir='ltr'>sarius</span> <span class='ocrx_word' id='word_1_239' title='bbox 946 3946 1063 4019; x_wconf 88' lang='lat' dir='ltr'>est,</span> <span class='ocrx_word' id='word_1_240' title='bbox 1093 3938 1271 4004; x_wconf 85' lang='lat' dir='ltr'>vobis</span> <span class='ocrx_word' id='word_1_241' title='bbox 1300 3938 1612 4004; x_wconf 91' lang='lat' dir='ltr'>continuo</span> <span class='ocrx_word' id='word_1_242' title='bbox 1638 3939 2063 4003; x_wconf 87' lang='lat' dir='ltr'>remittemus.</span> <span class='ocrx_word' id='word_1_243' title='bbox 2154 3938 2338 4003; x_wconf 85' lang='lat' dir='ltr'>Bene</span> <span class='ocrx_word' id='word_1_244' title='bbox 2366 3937 2592 4002; x_wconf 77' lang='lat' dir='ltr'>valete.</span> 
     </span>
    </p>
   </div>
  </div>
 </body>
</html>
