3200 5392
444 4586 449 4591 ,
528 4524 652 4575 303.
690 4521 776 4575 Ad
803 4557 977 4575 .....

569 1236 939 1303 TABULA
981 1234 1637 1301 EPISTOLARUM
1681 1233 1917 1300 ΤΟΜῙ
1963 1233 2406 1300 8ΕΟΠΝΒῙ.·

522 1405 696 1471 N.B.
739 1407 939 1470 Indeoe
967 1405 1389 1488 alphabeticum
1415 1404 1683 1468 omnium
1711 1403 2106 1486 epistolarum
2134 1403 2428 1487 adfinem

1105 1509 1256 1572 tomi
1284 1508 1466 1590 hujus
1492 1507 1854 1572 invenietur.

527 1698 651 1749 270.
685 1695 771 1749 Ad
793 1696 1022 1750 eundem
1045 1696 1345 1750 Henrieum
1369 1693 1574 1765 Regem
1677 1723 1701 1736 -

528 1784 652 1834 271.
687 1781 774 1835 Ad
797 1782 1030 1836 eundem

523 1870 648 1921 272.
683 1867 769 1921 Ad
791 1868 1038 1934 eundem,
1061 1866 1128 1921 de
1151 1884 1314 1922 censu
1337 1866 1523 1922 Sancti
1545 1866 1695 1921 Petri

524 1956 650 2007 273.
685 1953 773 2007 Ad
795 1953 1027 2007 eundem

502 2042 647 2095 274.
681 2038 769 2092 Ad
793 2038 1024 2092 eundem

488 2156 495 2161 -
523 2126 648 2176 275.
682 2123 771 2175 Ad
793 2122 1022 2176 eundem

524 2211 649 2261 276.
682 2207 773 2259 Ad
796 2207 1027 2261 eundem

523 2297 648 2346 277.
684 2291 771 2347 Ad
793 2292 1024 2346 eundem
1188 2321 1212 2332 -
1351 2322 1374 2332 -

523 2381 647 2431 278.
683 2377 772 2430 Ad
793 2376 877 2430 M.
902 2377 1109 2449 Regem
1135 2376 1326 2432 Scotiae

521 2467 646 2517 279.
668 2463 769 2516 Ad
790 2463 1080 2518 Robertum
1105 2464 1373 2518 Comitem
1395 2463 1697 2518 Leioeetriae

520 2553 645 2604 280.
682 2550 769 2604 Ad
791 2551 1021 2604 eundem
1185 2579 1210 2592 -
1513 2579 1538 2590 -

523 2639 648 2690 281.
661 2636 769 2690 -Ad
790 2637 856 2689 A.
882 2634 1222 2691 comitissam
1248 2634 1547 2690 Leicestriae

522 2725 645 2775 282.
681 2721 767 2776 Ad
788 2723 1058 2776 Comitem
1082 2722 1385 2777 Albericum
1517 2736 1519 2738 ·

522 2813 648 2863 283.
680 2808 769 2862 Ad
792 2809 1119 2879 Magistrum
1143 2809 1322 2863 David

521 2898 646 2949 284.
681 2895 767 2949 Ad
789 2896 1122 2950 willelmum
1145 2895 1213 2949 de
1235 2895 1389 2950 Mala
1412 2894 1619 2949 Palude

521 2984 646 3035 285.
681 2980 772 3054 Ad·
791 2980 867 3033 H.
893 2981 1158 3034 Comitem
1182 2980 1465 3035 Norfoloiae

521 3071 645 3122 286.
684 3067 769 3121 Ad
789 3067 857 3122 R.
882 3068 949 3121 cle
974 3067 1028 3121 S.
1043 3068 1311 3122 Walerieo

521 3157 646 3207 287.
681 3153 766 3206 Ad
793 3190 974 3207 .....
1182 3182 1205 3193 -

521 3240 645 3290 288.
680 3236 768 3289 Ad
792 3274 967 3290 .....

521 3327 646 3377 289.
681 3321 769 3375 Ad
793 3361 806 3375 .
834 3361 847 3374 .
875 3360 889 3374 .
917 3362 930 3374 .
958 3360 975 3377 .

521 3411 644 3461 290.
681 3406 767 3461 Ad
793 3445 970 3460 .....

522 3498 647 3548 291.
681 3493 769 3547 Ad
795 3531 974 3547 .....

523 3583 645 3633 292.
680 3578 765 3631 Ad
790 3616 969 3631 .....

524 3667 647 3717 293.
685 3663 771 3716 Ad
798 3702 974 3718 .....

521 3753 645 3806 294.
678 3750 764 3803 Ad
788 3789 963 3806 .....

522 3840 647 3890 295.
680 3836 768 3890 Ad
793 3875 973 3890 .....

522 3927 645 3977 296.
681 3923 1030 3994 Ad....‚.‚

522 4013 647 4063 297.
681 4010 764 4063 Ad
792 4049 963 4064 .....

522 4098 646 4149 298.
683 4095 769 4149 Ad
793 4133 966 4150 .....

523 4184 648 4234 299.
681 4179 770 4233 Ad
795 4217 975 4234 .....

523 4268 648 4318 300.
684 4264 771 4318 Ad
795 4302 970 4320 .....

524 4354 649 4403 301.
684 4349 773 4403 Ad
797 4386 974 4404 .....

527 4438 653 4488 302.
690 4433 775 4488 Ad
800 4472 974 4489 .....

2096 1624 2304 1662 ιιεοιΡιτ

2003 1693 2193 1747 Vestra.

2012 1779 2338 1835 Mandatum

2007 1866 2245 1920 Oeneum

2012 1952 2384 2006 Venerabilem

2004 2037 2220 2092 Placuit

2006 2122 2181 2176 'santa

2014 2207 2254 2260 Voetram

2005 2290 2277 2346 Mittimus

2011 2376 2343 2431 Sublimitati

2014 2462 2200 2525 Quum

2004 2549 2298 2604 Verborum

2004 2633 2295 2689 Dilectioni

2003 2720 2255 2775 Pervenit

2003 2979 2333 3049 Responsum

2001 3066 2122 3120 Tua

2002 3151 2226 3222 [FJilius

1997 3238 2233 3292 Veniens

2002 3323 2041 3377 J
2044 3325 2321 3378 oounditaa

1999 3408 2391 3464 Benevolentiae

2007 3495 2154 3549 Dum

2011 3580 2297 3636 Talentum

2006 3666 2140 3721 Esse
