3200 5392
541 943 706 989 „A.n.
744 923 1138 1005 1161—89.]
1238 941 1739 985 Lonnomnnsis
1773 942 2125 986 nms'romn.
2436 922 2474 980 5

793 1271 1235 1336 EPISTOLA
1279 1271 1884 1336 CCLXXIV.—-An
1916 1291 2225 1335 EUNDEM.

568 1423 838 1487 Henrico
881 1424 1039 1505 Reyi
1081 1424 1327 1505 Anylioe
1378 1422 1691 1511 eilbertus
1733 1422 2177 1486 Londoniensis
2219 1390 2478 1502 Epim-

643 1546 789 1607 μω,
819 1527 1079 1590 salutem
1122 1546 1253 1608 quae
1295 1545 1417 1589 non
1460 1531 1552 1589 est
1594 1531 1656 1588 et
1698 1545 1881 1608 quam
1924 1545 2242 1629 speramus
2281 1545 2320 1586 a
2351 1525 2478 1587 Do-

658 1649 842 1692 mmo.

659 1779 963 1843 Pmoun
993 1779 1387 1844 excellentiae
1416 1786 1662 1858 vestrae,
1696 1778 1867 1862 quod
1903 1779 2183 1843 ecclesiae
2221 1777 2478 1841 clerico-

569 1901 716 1944 rum
759 1882 1232 1965 archiepiscopi,
1283 1903 1426 1966 quae
1473 1882 1544 1945 in
1596 1882 1967 1965 episcopatu
2019 1881 2478 1957 Londoniensi‚

572 1981 704 2046 sive
730 1983 803 2046 in
833 1982 1065 2046 Cantia
1103 1984 1486 2062 consistunt,
1519 1984 1638 2048 sub
1677 1993 1901 2049 nostra
1940 1991 2154 2048 essent
2190 1985 2480 2049 custodia

570 2086 960 2149 constitutae.
1051 2085 1245 2153 Quod
1290 2087 1440 2171 quia
1484 2088 1744 2170 pietatis
1791 2089 2030 2153 affectu
2068 2088 2245 2152 vobis
2287 2089 2477 2153 intel-

567 2188 839 2252 leximus
867 2189 1277 2272 inspiratum,
1301 2211 1386 2252 ne
1421 2211 1535 2272 per
1563 2212 1796 2253 manus
1839 2191 2077 2255 scilicet
2114 2191 2309 2254 laicas
2350 2191 2473 2254 dis-

567 2298 997 2375 pensarentur
1023 2312 1126 2355 res
1156 2292 1621 2370 ecclesiasticae,
1654 2292 2012 2356 oblationes
2053 2293 2293 2356 scilicet
2322 2293 2477 2356 fide-

565 2393 749 2472 lium,
781 2395 1202 2478 eleemosynae
1245 2416 1622 2477 pauperum,
1664 2404 1730 2458 et
1776 2395 2234 2459 decimationes
2278 2416 2478 2479 popu-

564 2497 776 2561 lorum
833 2498 1020 2561 aliter
1077 2519 1271 2580 quam
1329 2498 1426 2561 fas
1484 2507 1581 2562 est
1639 2505 2091 2576 tractarentur,
2151 2520 2270 2562 nos
2329 2519 2478 2562 cum

567 2600 776 2664 multa
833 2607 899 2664 et
958 2621 1152 2678 mera,
1214 2601 1393 2664 Deus
1454 2601 1593 2679 scit,
1654 2603 1922 2665 caritate
1979 2601 2256 2665 libenter
2313 2622 2477 2665 onus

565 2702 727 2766 illud
774 2704 1188 2787 suscepimus,
1236 2712 1311 2767 ut
1359 2710 1425 2767 et
1475 2725 1587 2768 vos
1632 2726 1671 2767 a
1719 2711 1981 2788 peccato
2024 2704 2095 2767 in
2131 2711 2313 2787 parte
2357 2705 2478 2769 hac

565 2806 885 2871 mundum
929 2813 993 2870 et
1034 2806 1392 2870 immunem
1433 2828 1845 2885 servaremus,
1879 2816 1944 2871 et
1985 2807 2245 2871 clericos
2283 2807 2474 2870 nihil-

565 2909 841 2988 ominus,
873 2910 928 2972 si
957 2910 1215 2992 quando
1259 2909 1475 2973 debita
1513 2910 1881 2974 humilitate
1910 2918 2186 2974 vestram
2214 2931 2475 2993 recupe-

564 3020 785 3076 rarent
858 3013 1151 3096 gratiam,
1212 3012 1550 3077 indemnes
1624 3015 1863 3096 pariter
1936 3034 2473 3078 conservaremus,

562 3116 1096 3199 Archiepiscopus
1144 3124 1382 3194 autem,
1415 3117 1527 3199 qui
1572 3117 1756 3199 quasi
1808 3116 2037 3181 sedens
2090 3118 2161 3179 in
2204 3117 2473 3195 insidiis,

450 3279 455 3285 .
563 3218 866 3282 adversus
893 3240 1107 3282 meam
1137 3219 1496 3300 specialiter
1527 3240 1868 3302 personam
1909 3219 2273 3284 occasiones
2304 3241 2475 3302 quae·

560 3321 668 3399 rit,
697 3321 851 3384 inde
880 3321 1041 3383 mihi
1070 3342 1302 3384 nocere
1347 3321 1600 3398 nititur,
1632 3321 1809 3384 unde
1839 3320 1980 3384 aliis
2010 3322 2310 3404 prodesse
2339 3331 2475 3386 stu-

562 3422 816 3489 debam.
907 3421 1041 3487 Qui
1078 3422 1338 3486 directis
1382 3421 1585 3485 literis
1626 3422 1787 3486 mihi
1825 3444 2034 3506 nuper
2076 3424 2362 3508 injunxit
2404 3426 2476 3488 in

564 3528 624 3590 vi
661 3526 1046 3592 obedientiae
1088 3532 1156 3589 et
1192 3525 1265 3588 in
1293 3523 1531 3589 vi‘rtute
1575 3525 1853 3609 Spiritus
1897 3525 2140 3605 Sancti,
2171 3533 2247 3590 ut
2293 3527 2475 3609 quid-

494 3683 498 3687 .
565 3632 720 3716 quid
750 3652 828 3695 ex
855 3630 1083 3694 iisdem
1113 3629 1490 3712 recepissem
1510 3629 1823 3721 ecclesiis,
1852 3629 2022 3692 infra
2052 3629 2478 3713 quadraginta

563 3736 699 3799 dies
728 3742 873 3818 post
900 3734 1236 3797 literarum
1264 3733 1739 3816 susceptionem
1767 3732 1890 3796 sibi
1930 3732 2189 3817 suisque
2233 3734 2477 3798 clericis

563 3838 901 3902 restituere
937 3856 1073 3899 non
1116 3836 1503 3899 omitterem.
1593 3836 1737 3917 Ego
1764 3856 1914 3898 vero
1950 3835 2247 3899 invocata
2278 3837 2476 3918 Spiri-

565 3948 672 4003 tus
722 3939 945 4003 Sancti
990 3939 1216 4020 gratia,
1271 3937 1650 4021 objectoque
1703 3938 2148 4020 appellationis
2195 3938 2479 4002 remedio

567 4043 969 4120 mandatum,
1002 4063 1130 4124 quo
1172 4062 1385 4104 meam
1424 4041 1667 4124 injuste
1704 4062 1967 4123 gravare
1994 4040 2249 4104 volebat
2294 4042 2479 4106 inno-

566 4146 864 4223 centiam,
896 4165 1099 4227 usque
1129 4144 1212 4207 ad
1242 4143 1639 4206 audientiam
1670 4143 1916 4207 domini
1944 4165 2125 4226 papae
2154 4145 2477 4227 suspendi,

567 4269 1075 4331 suspensumque
1121 4246 1432 4311 declinavi
1483 4246 1566 4309 ad
1609 4253 1888 4329 tempus,
1935 4253 2148 4310 certus
2196 4247 2477 4330 quidem,

569 4349 740 4433 quod
769 4350 906 4413 haec
936 4356 1004 4413 et
1033 4349 1326 4432 graviora
1362 4348 1463 4412 his
1505 4370 1700 4432 supra
1743 4348 2006 4412 dorsum
2035 4370 2254 4412 meum
2283 4348 2479 4412 fabri-

565 4461 796 4516 cantur
841 4451 921 4516 ab
966 4472 1062 4530 e0,
1102 4458 1170 4515 et
1216 4451 1311 4514 illi
1355 4451 1824 4515 assistentibus.
1920 4451 2096 4514 Hinc
2146 4459 2264 4528 est,
2308 4452 2480 4534 quod

563 4564 788 4620 vestrae
819 4555 1199 4619 sublimitati
1230 4555 1516 4638 supplico
1545 4555 1615 4617 in
1645 4576 1719 4618 ea
1750 4554 1998 4631 fiducia,
2025 4575 2150 4636 qua
2180 4575 2283 4617 me
2314 4576 2477 4617 sem-
