3200 5392
590 897 725 939 ΑΛ).
761 876 1155 958 1161—89.]
1256 894 1589 941 Ems'roLAE
1623 894 1944 944 QUAEDAM.
2366 877 2491 938 251

589 1012 804 1095 loquio
842 1011 921 1076 de
961 1011 1279 1089 Salesberi
1315 1018 1534 1077 actum
1563 1013 1667 1090 sit,
1700 1033 1819 1075 nos
1862 1012 2202 1090 nescimus,
2234 1019 2494 1096 praeter-

593 1137 787 1197 quam
823 1116 993 1199 quod
1038 1116 1336 1180 dominus
1379 1136 1492 1179 rex
1537 1115 1883 1204 episcopos,
1921 1136 2079 1199 quos
2120 1115 2274 1180 illuc
2316 1134 2497 1179 voea-

590 1225 788 1298 verat,
822 1220 1135 1298 emunxit,
1180 1227 1246 1283 et
1289 1241 1397 1284 eos
1443 1219 1666 1284 statim
1712 1218 1973 1298 dimisit,
2014 1239 2364 1302 eorumque
2402 1219 2498 1282 fa·-

592 1324 801 1388 milias
832 1346 1052 1388 seeum
1083 1323 1371 1387 retinuit.
1466 1323 1536 1386 Si
1567 1343 1696 1405 qua
1735 1321 1860 1386 alia
1888 1329 2116 1388 vestrae
2144 1322 2498 1405 cognitioni

594 1426 891 1510 expedire
921 1426 1425 1510 cognoverimus,
1457 1426 1636 1489 vobis
1666 1426 2078 1490 manifestare
2108 1425 2495 1490 curabimus,

590 1530 725 1594 Vos
751 1553 1002 1614 quoque
1028 1531 1215 1595 nobis
1234 1528 1439 1594 vicem
1460 1529 1812 1613 rependere
1837 1529 2214 1613 dignemini.
2248 1529 2497 1593 Valete.

599 1836 622 1855 ²
642 1820 1086 1902 EPISTOLA
1129 1838 1997 1903 CCCCLXV1.—-musnm
2030 1858 2119 1902 An
2153 1858 2465 1903 EUNDEM.

597 1989 863 2051 Domino
895 1994 955 2051 et
978 1989 1161 2069 patri
1199 1989 1532 2051 reverendo
1571 1989 1828 2066 Thomoe,
1862 1989 1982 2049 Dei
2005 1989 2222 2069 qratia
2251 2009 2503 2050 venera-

687 2089 797 2151 bili
825 2091 1259 2152 Cantuariensi
1290 2091 1768 2170 archiepiscope,
1801 2109 1948 2151 suus
1976 2090 2038 2151 J.
2060 2089 2269 2152 eadem
2293 2090 2510 2168 ,qratia

650 2252 655 2257 ,
686 2194 1099 2257 Pio-laviensis
1148 2195 1415 2256 ecclesiae
1466 2191 1715 2255 humilis
1771 2193 2060 2256 sacerdos
2117 2192 2396 2269 salutem,
2451 2197 2512 2254 et

669 2298 858 2379 juyes
886 2297 954 2360 in
981 2297 1248 2360 Domino
1278 2316 1611 2360 successus.

686 2448 842 2510 Ipso
892 2446 996 2511 die
1039 2447 1503 2530 purificationis
1555 2446 1763 2510 beatae
1813 2446 2061 2524 Mariae,
2115 2466 2243 2529 quo
2292 2445 2510 2510 literas

598 2556 839 2613 vestras
890 2549 1118 2632 recepi,
1172 2550 1422 2613 loeutus
1481 2549 1578 2613 fui
1629 2570 1778 2612 eum
1829 2550 1872 2611 J
1874 2570 2084 2613 oanne
2136 2548 2394 2627 Cumin‚
2448 2555 2515 2612 et

605 2652 945 2735 Radulpho
991 2652 1071 2716 de
1102 2652 1538 2730 Tamewurde,
1570 2652 1683 2734 qui
1725 2652 2128 2735 praecedente
2173 2651 2277 2715 die
2313 2651 2515 2716 'Puro-

602 2777 763 2818 num
821 2755 1096 2838 ingressi
1147 2761 1322 2833 sunt,
1377 2777 1418 2818 a
1474 2754 1654 2820 curia
1705 2755 1950 2819 domini
2007 2776 2188 2838 papae
2239 2754 2313 2818 in
2365 2776 2514 2818 con-

602 2857 840 2921 tinenti
899 2863 1313 2922 revertentes.
1410 2859 1473 2921 A
1521 2856 1768 2940 ‘quibus
1829 2867 2030 2940 quum
2088 2856 2316 2934 multa,
2377 2862 2513 2918 tam

605 2982 796 3044 super
841 2967 1037 3038 statu,
1085 2982 1281 3043 quam
1332 2981 1523 3044 super
1567 2960 1834 3043 agendis
1887 2960 2019 3025 suis
2067 2960 2395 3042 explorare
2446 2960 2518 3023 in

606 3069 755 3127 voto
784 3063 1110 3140 haberem,
1140 3063 1212 3125 in
1241 3063 1461 3145 paucis
1490 3083 1607 3145 per
1636 3080 1743 3126 eos
1783 3062 2111 3126 certiorari
2139 3062 2342 3146 potui,
2373 3068 2517 3126 tan-

524 3234 531 3240 ,
612 3186 805 3248 quam
860 3187 898 3228 a
944 3186 1049 3228 me
1095 3165 1314 3228 omnia
1349 3164 1750 3241 occultando,
1803 3165 2065 3229 domino
2111 3187 2230 3229 suo
2273 3187 2341 3229 se
2384 3186 2518 3229 cre-

613 3268 842 3331 derent
902 3267 1281 3350 obsequium
1338 3274 1660 3349 praestare.
1777 3269 2244 3331 Verumtamen
2296 3267 2377 3330 ab
2431 3267 2522 3330 eis

611 3371 713 3434 vel
769 3391 996 3454 pauca,
1056 3370 1155 3433 vel
1212 3369 1431 3433 invitis
1490 3369 1748 3447 extorsi,
1808 3369 2127 3433 nonnulla
2183 3391 2224 3432 a
2282 3368 2524 3432 decano

608 3473 784 3539 beati
833 3472 1155 3552 Mauricii,
1200 3473 1272 3536 in
1319 3474 1502 3558 cujus
1548 3472 1828 3555 hospitio
1874 3472 2115 3556 recepti
2162 3477 2366 3550 erant,
2421 3492 2524 3535 ac-

610 3577 767 3661 cepi.
860 3576 1099 3659 Aliqua
1143 3577 1339 3642 etiam
1384 3595 1499 3659 per
1544 3576 1849 3640 clericum
1873 3574 2241 3659 quemdam
2291 3577 2522 3639 Santo-

612 3704 898 3760 nensem,
933 3681 1044 3765 qui
1077 3681 1149 3745 in
1189 3681 1500 3745 comitatu
1546 3700 1769 3745 eorum
1814 3680 2210 3764 aliquamdiu
2238 3685 2523 3756 venerat,

613 3785 909 3850 addidici.
1003 3785 1253 3849 Retulit
1285 3784 1602 3868 siquidem
1638 3783 1799 3848 mihi
1827 3782 2001 3846 idem
2032 3784 2318 3862 clerieuS,
2351 3781 2521 3866 quod

613 3889 912 3952 dominus
930 3888 1262 3972 Papiensis
1284 3887 1769 3972 multiplicibuS,
1788 3894 1856 3951 et
1879 3886 2360 3951 instantissimis
2382 3908 2520 3970 pre·

615 3991 795 4055 cibus
845 3992 1014 4073 regis
1065 3992 1320 4075 Angliae
1380 3993 1778 4070 sollieitatuS‚
1829 3998 1898 4055 et
1950 4014 1989 4055 a
2039 3992 2286 4056 domini
2343 4013 2525 4075 papae

615 4093 808 4156 simili
858 4093 1285 4158 sollicitudine
1345 4102 1409 4158 et
1456 4095 1773 4159 instantia
1818 4095 2222 4178 impetratuS,
2275 4095 2525 4176 procul-

569 4215 579 4224 ·
620 4195 817 4260 dubio
845 4197 1099 4278 legatus
1129 4197 1305 4260 venit
1339 4198 1412 4260 in
1448 4218 1710 4267 omnem
1738 4205 1977 4262 terram
2017 4197 2309 4282 praedicti
2337 4196 2526 4278 regist.

620 4300 708 4363 Et
753 4298 1055 4376 ereditur,
1100 4299 1274 4382 quod
1317 4318 1468 4373 eum
1517 4301 1698 4373 omni
1747 4300 2151 4384 plenitudine
2193 4299 2533 4384 potestatis

619 4400 854 4479 veniat,
919 4408 993 4465 ut
1052 4409 1416 4485 eognoscat,
1469 4403 1740 4488 judicet,
1801 4405 2072 4487 plantet,
2134 4409 2200 4466 et
2258 4401 2528 4466 evellat:

620 4507 897 4570 maxime
932 4512 1011 4570 ut
1055 4506 1226 4571 inter
1264 4528 1484 4591 regem
1526 4509 1656 4575 sive
1697 4508 1872 4586 alios,
1906 4514 1972 4572 et
2010 4529 2119 4572 vos
2160 4528 2350 4591 super
2383 4507 2531 4572 uni-
