3200 5392
759 830 890 893 332
1495 841 1701 892 ANon.
1736 829 1944 891 nr1s'r.

756 961 974 1026 minus
1030 962 1072 1024 J
1075 960 1373 1026 acinthns
1425 961 1682 1026 transiit
1735 961 1818 1025 ad
1871 959 2277 1043 Hispaniam,
2323 961 2665 1026 functurus

752 1062 996 1127 ibidem
1039 1063 1243 1128 officio
1286 1062 1651 1145 legationis.
1741 1064 1963 1128 Abbas
2010 1063 2494 1128 clarevallensis
2537 1065 2662 1129 fuit

753 1165 1102 1230 Placentiae
1132 1166 1339 1249 prima
1367 1166 1469 1230 die
1499 1165 1845 1230 Dominica
1877 1173 2021 1250 post
2061 1168 2497 1231 ascensionem
2528 1168 2661 1232 Do-

755 1268 917 1332 mini
938 1268 1329 1332 transiturus
1359 1267 1441 1331 ad
1471 1267 1807 1332 dominum
1830 1290 2079 1352 papam,
2113 1275 2178 1332 et
2202 1268 2466 1333 modum
2489 1269 2662 1352 pacis

757 1372 924 1436 sicut
954 1378 1020 1435 et
1050 1371 1398 1455 imperator
1420 1378 1485 1435 et
1515 1393 1627 1435 rex
1652 1372 2046 1434 Francorum
2077 1373 2421 1436 concordes
2452 1373 2664 1436 effecti

756 1482 910 1539 sunt
955 1476 1216 1540 domino
1261 1496 1442 1559 papae
1493 1481 1559 1538 et
1608 1474 1801 1539 curiae
1843 1476 2332 1558 representabit.
2422 1476 2662 1539 Nuntii

753 1580 961 1644 nostri
1001 1579 1345 1642 transitum
1386 1577 1757 1641 habuerunt
1798 1599 1995 1661 prope
2037 1579 2311 1642 Romam
2358 1579 2523 1642 datis
2564 1600 2659 1642 se-

757 1680 1092 1745 natoribus
1115 1679 1346 1763 viginti
1373 1679 1572 1759 libris,
1604 1687 1671 1744 et
1699 1680 1871 1744 idem
1901 1682 2125 1744 nuncii
2154 1681 2415 1744 fuerunt
2446 1681 2660 1744 Bono-

752 1785 879 1848 niae
916 1784 989 1847 in
1017 1783 1232 1848 reditu
1260 1782 1468 1867 primo
1498 1784 1601 1847 die
1633 1782 1979 1848 Dominica
2017 1790 2160 1867 post
2200 1783 2655 1848 ascensionem.

751 1886 1197 1970 vigorniensis
1241 1893 1463 1951 tamen
1509 1886 1845 1970 episcopus
1897 1893 1964 1950 et
2009 1887 2406 1969 Reginaldus
2452 1888 2655 1951 archi-

753 1989 1058 2054 diaconus
1093 2011 1228 2053 non
1267 1989 1407 2054 ausi
1451 1995 1607 2053 sunt
1652 2010 1720 2052 se
1764 1990 2166 2053 committere
2210 1988 2360 2053 fidei
2404 1996 2656 2054 senato-

749 2114 919 2156 rum.
999 2090 1322 2157 Robertus
1368 2091 1446 2154 de
1485 2112 1653 2155 novo
1684 2092 1907 2174 Burgo
1946 2091 2203 2155 transiit
2242 2092 2313 2155 in
2356 2092 2657 2171 Siciliam,

749 2196 1120 2259 visitaturus
1148 2215 1369 2277 regem
1401 2198 1473 2258 et'
1507 2200 1805 2278 parentes
1836 2215 2004 2257 suos.
2096 2194 2416 2258 Praeterea
2444 2195 2657 2259 sciatis

752 2298 925 2381 quod
954 2297 1252 2362 dominns
1282 2318 1395 2361 rex
1423 2295 1641 2360 omnia
1681 2296 1942 2359 castella
1970 2296 2328 2360 Widomari
2360 2298 2440 2361 de
2470 2297 2657 2361 Leun

750 2399 1065 2464 subvertit
1099 2400 1169 2463 in
1211 2398 1572 2477 Britannia,
1604 2398 1886 2482 exceptis
1924 2397 2134 2462 tribus
2180 2421 2321 2482 quae
2357 2399 2654 2463 dominns

747 2524 860 2566 rex
889 2502 1086 2567 habet
1113 2502 1186 2565 in
1214 2523 1417 2566 manu
1446 2522 1581 2564 sua.
1654 2501 1862 2565 Plana
1889 2507 2063 2565 terra
2090 2502 2464 2564 Widomaro
2504 2523 2653 2564 con-

749 2627 945 2670 cessa.
1037 2604 1231 2669 Quod
1261 2611 1479 2669 autem
1510 2602 1918 2668 Widomarus
1958 2604 2288 2687 occupavit
2328 2604 2406 2666 de
2443 2604 2652 2667 feudis

745 2710 1101 2774 vicinorum
1133 2731 1397 2774 suorum
1424 2708 1671 2787 reddet,
1703 2709 1805 2773 vel
1835 2730 2025 2791 super
2052 2707 2174 2770 hoc
2219 2705 2414 2770 stabit
2443 2707 2514 2770 in
2547 2707 2651 2791 ju-

748 2812 916 2877 dicio
953 2833 1167 2877 coram
1200 2834 1370 2895 rege,
1403 2813 1575 2896 quod
1606 2812 1937 2895 occupavit
1967 2810 2047 2875 de
2076 2811 2285 2875 fendis
2313 2809 2653 2873 hominnm

746 2937 1009 2981 suornm
1060 2915 1306 2995 reddet,
1359 2916 1460 2980 vel
1511 2915 1602 2979 eis
1654 2914 1922 2999 plenum
1970 2921 2223 2979 rectum
2273 2912 2522 2979 tenebit
2580 2913 2652 2976 in

747 3019 926 3084 curia
955 3040 1090 3098 sua,
1123 3019 1176 3083 si
1207 3019 1507 3083 dominus
1534 3038 1649 3082 rex
1677 3017 2047 3101 praeceperit
2076 3015 2191 3100 per
2219 3017 2409 3080 breve
2439 3038 2649 3081 suum.

745 3122 1167 3187 Bituricensis
1213 3121 1719 3205 archiepiscopus
1763 3122 1864 3185 his
1900 3118 2125 3185 diebus
2168 3120 2361 3184 rebus
2406 3127 2504 3184 est
2533 3120 2653 3183 hu-

744 3226 954 3289 manis
997 3232 1355 3309 exemptus,
1402 3226 1473 3289 in
1512 3225 1697 3309 cujus
1740 3224 1881 3288 loco
1924 3224 2313 3288 substitutus
2357 3230 2454 3287 est
2501 3244 2653 3287 con-

746 3349 941 3393 sensu
986 3328 1197 3393 clerici
1243 3335 1309 3393 et
1353 3327 1572 3413 populi
1612 3327 1970 3391 Meldensis
2018 3327 2368 3411 episcopus,
2411 3327 2652 3391 scilicet

746 3430 1046 3495 dominus
1089 3430 1456 3514 Stephanus
1499 3430 1702 3495 frater
1730 3429 1893 3494 Adae
1937 3428 2263 3512 quondam
2296 3427 2652 3493 Camerarii

743 3534 914 3617 regis
944 3535 1358 3599 Francorum.
