3200 5392
776 667 860 727 14
1406 682 1722 724 GILBERTI
1761 681 2063 724 RPIscom

768 799 989 863 literas
1033 797 1358 863 citationis
1406 805 1634 862 vestrae
1677 798 2090 874 remittimus,
2133 816 2210 860 eo
2256 795 2427 879 quod
2471 795 2542 858 in
2586 795 2687 859 his

770 900 1173 966 notariorum
1201 906 1561 964 vestrorum
1594 899 1818 963 stilum
1849 900 2117 963 minime
2145 898 2684 981 recognoscimus.

772 1004 1006 1068 Valere
1050 1024 1162 1067 vos
1206 1009 1505 1086 optamus
1556 1002 1628 1066 in
1681 1003 1983 1080 Domino,
2032 1008 2100 1066 et
2153 1023 2269 1065 sua
2314 1001 2550 1065 Caesari
2598 1001 2687 1064 sic

771 1106 1060 1185 reddere,
1092 1113 1170 1170 ut
1201 1127 1344 1189 quae
1373 1106 1499 1170 Dei
1533 1112 1708 1184 sunt,
1740 1105 2029 1170 reddatis
2059 1112 2125 1170 et
2156 1105 2316 1170 Dec.

907 1407 1354 1471 EPISTOLA
1399 1407 2006 1472 CCLXXXI.—An
2039 1428 2106 1471 A.
2140 1428 2554 1471 comrlssAM

1518 1531 1951 1574 lecns‘rmAE.

783 1662 857 1725 G.
891 1662 1015 1724 Dei
1046 1662 1265 1742 qratia
1294 1661 1744 1723 Londoniensis
1772 1661 2039 1724 ecclesiae
2068 1662 2367 1739 minister,
2400 1664 2482 1723 A.
2513 1681 2688 1724 vene-

860 1764 1051 1826 rabili
1081 1765 1404 1827 comitissae
1432 1764 1807 1841 Leicestviae,
1840 1764 2007 1846 quod
2033 1765 2199 1845 petit
2244 1766 2540 1846 accipere,
2573 1785 2689 1846 quo

862 1865 1062 1930 tendit
1079 1867 1192 1948 pie
1224 1867 1472 1929 tandem
1504 1867 1798 1948 completo
1829 1887 2012 1931 cursu
2028 1868 2408 1949 pertinyere.

865 2022 1285 2085 D1Lscr1oN1
1348 2027 1596 2098 vestrae,
1658 2019 2087 2098 dilectissima,
2148 2027 2413 2103 rogatus
2472 2021 2690 2085 literas

777 2125 988 2202 mitte,
1030 2145 1190 2208 quas
1237 2123 1499 2206 quidem
1542 2123 1791 2186 misisse
1838 2122 2183 2187 debueram
2228 2145 2362 2186 non
2405 2131 2688 2205 rogatus.

780 2225 973 2291 Quod
1024 2227 1079 2288 si
1127 2226 1313 2289 omisi
1354 2226 1492 2308 jam
1542 2225 1957 2307 aliquamdiu,
2003 2226 2139 2290 haec
2186 2248 2378 2290 causa
2423 2226 2688 2304 exstitit,

780 2327 952 2410 quod
982 2326 1062 2390 de
1093 2326 1197 2389 die
1225 2327 1297 2388 in
1330 2327 1501 2391 diem
1540 2347 1759 2390 meum
1800 2328 1882 2390 ad
1921 2335 1989 2393 te
2029 2329 2337 2393 nuntium
2368 2328 2504 2412 ipse
2532 2350 2692 2413 prae-

779 2429 873 2492 ire
917 2435 985 2492 et
1028 2429 1380 2512 praevenire
1426 2428 1893 2493 existimabam.
1986 2431 2073 2495 Et
2115 2432 2266 2513 quia
2309 2453 2452 2515 spes
2497 2432 2693 2495 dubio

780 2533 964 2596 vultu
1005 2553 1123 2596 nos
1164 2553 1416 2615 semper
1446 2533 1767 2615 protrahit
1796 2533 1868 2596 in
1898 2555 2057 2612 cras,
2089 2542 2155 2599 et
2187 2534 2356 2619 quod
2386 2557 2522 2598 non
2550 2535 2693 2612 feci,

783 2656 942 2713 cras,
976 2635 1086 2712 ait,
1120 2636 1411 2714 efficiam,
1445 2636 1779 2720 sperabam
1819 2658 1925 2700 me
1964 2638 2164 2700 finem
2205 2638 2357 2702 dare
2395 2638 2692 2721 negotiis,

783 2743 851 2801 et
896 2738 1116 2820 sopitis
1161 2738 1556 2822 aliquamdiu
1601 2740 1849 2818 causis,.
1876 2746 1944 2803 et
1988 2740 2157 2804 curis
2202 2740 2471 2819 omissis,
2518 2741 2695 2804 ocius

780 2849 1180 2905 transmeare
1228 2843 1310 2905 ad
1357 2850 1445 2921 te,
1495 2849 1562 2906 et
1611 2850 1848 2927 optatae
1898 2844 2059 2908 mihi
2110 2845 2512 2908 allocutionis
2564 2852 2695 2907 tuae

777 2945 1077 3028 jocundae
1125 2945 1352 3009 solatio
1402 2948 1695 3010 recreari.
1791 2947 1919 3012 Sed
1971 2948 2518 3032 opportunitatem
2567 2969 2693 3031 quo

784 3048 928 3131 plus
970 3057 1222 3132 appeto,
1262 3050 1477 3114 minus
1517 3050 1794 3132 invenie,
1828 3059 1893 3116 et
1925 3052 2305 3136 quibusdam
2347 3051 2694 3136 amputatis

777 3155 1121 3239 capitibuS,
1156 3178 1306 3222 cum
1336 3157 1566 3223 mundi
1603 3159 1879 3224 bestiam
1916 3158 2261 3223 extinxisse
2300 3180 2405 3222 me
2445 3165 2693 3240 reput0,

783 3260 866 3324 ad
896 3262 1108 3345 capita
1143 3263 1588 3345 multipliciter
1619 3261 2023 3327 renascentia
2051 3268 2229 3324 totus
2258 3261 2407 3323 ilico
2437 3262 2695 3342 perhor-

780 3384 986 3428 resco.
1077 3364 1397 3427 Curarum
1439 3363 1751 3444 siquidem
1799 3362 2017 3424 nullus
2058 3368 2156 3423 est
2196 3362 2363 3439 finis,
2402 3368 2468 3424 et
2507 3384 2696 3426 mun-

786 3465 905 3527 dus
935 3464 1005 3526 in
1038 3463 1173 3526 dies
1217 3465 1515 3546 parturit,
1546 3463 1721 3526 unde
1760 3462 2021 3526 miseras
2060 3463 2299 3545 affligat
2331 3465 2597 3544 animas,
2630 3474 2696 3530 et

785 3589 824 3630 a
873 3566 996 3648 piae
1046 3567 1371 3650 proposito
1420 3566 1804 3630 intentionis
1859 3574 2122 3631 avertat.
2216 3568 2274 3630 O
2326 3569 2488 3632 mihi
2541 3570 2696 3653 quid

785 3690 1137 3733 memorem
1199 3669 1533 3752 soliloquia
1592 3676 1835 3748 sancta,
1886 3692 2029 3752 quae
2079 3692 2228 3734 cum
2288 3693 2520 3755 sponso
2579 3695 2697 3737 suo

787 3772 1005 3835 anima
1045 3773 1372 3856 quondam
1412 3794 1574 3852 mea,
1616 3773 1772 3836 dum
1811 3764 1955 3838 eam
1996 3775 2257 3839 claustri
2302 3776 2559 3839 silentia
2602 3781 2695 3839 te-

789 3882 1017 3959 gerent
1062 3882 1128 3939 et
1174 3882 1491 3956 tenerent,
1523 3877 1595 3939 in
1626 3877 1923 3959 spiritum
1963 3879 2210 3942 elevata
2248 3879 2694 3961 permiscebat.

789 3981 967 4044 Dum
1027 3981 1409 4044 secularium
1468 3982 1687 4045 nescia
1743 3982 1815 4045 in
1873 3990 2165 4046 montem
2226 3982 2696 4064 quodammodo

792 4105 939 4147 cum
986 4084 1219 4168 Moyse
1271 4085 1762 4162 conscendebat,
1810 4085 2038 4149 subtus
2091 4105 2160 4148 se
2212 4084 2455 4148 nubem
2505 4086 2698 4148 relin-

796 4186 1034 4269 quebat
1078 4195 1144 4251 et
1188 4187 1511 4267 nebulam,
1544 4196 1611 4253 et
1654 4187 1900 4251 mundo
1943 4187 2329 4271 posthabito,
2371 4188 2441 4250 in
2481 4189 2698 4271 ignem

794 4290 979 4354 illum
1012 4313 1199 4375 quem
1233 4292 1413 4355 Deus·
1439 4291 1782 4370 inhabitat,
1813 4292 1977 4354 nihil
2017 4292 2141 4354 nisi
2180 4292 2363 4355 illum
2397 4299 2703 4374 appetens
