3200 5392
595 914 731 956 Am.
768 891 1165 975 1161-89,]
1266 911 1594 964 ΕΡιετοωΕ
1628 912 1952 964 QUAEDAM.
2379 896 2499 958 135

591 1030 715 1094 tati
741 1036 969 1093 vestrae
996 1028 1069 1092 in
1097 1026 1395 1092 omnibus
1426 1048 1540 1112 pro
1578 1048 1764 1110 posse
1802 1034 2025 1091 nostro
2054 1026 2498 1112 obtemperare

593 1132 1046 1210 desideramus,
1075 1131 1413 1195 laudamus
1451 1128 1631 1194 vobis
1671 1137 1867 1213 atque
1907 1130 2300 1195 consulimus
2345 1152 2498 1213 qua-

590 1236 769 1299 tinus
820 1234 1198 1318 recipientes
1249 1233 1569 1317 recipiatis
1615 1239 1681 1297 et
1727 1239 1986 1316 gratum
2033 1232 2281 1297 ducatis
2326 1234 2499 1316 quod

592 1339 889 1403 dominus
946 1359 1113 1420 papa
1164 1336 1248 1400 ad
1297 1356 1580 1419 praesens
1624 1334 1803 1398 vobis
1855 1334 2168 1413 concedit,
2222 1336 2497 1399 scientes

589 1449 654 1507 et
698 1442 1070 1506 nullatenus
1116 1438 1509 1517 dubitantes,
1561 1438 1753 1520 quod,
1809 1437 1864 1501 si
1906 1437 2301 1502 credideritis
2347 1459 2497 1521 sug-

587 1544 864 1627 gestioni
910 1549 1149 1607 nostrae
1198 1563 1392 1624 quam
1436 1562 1550 1623 per
1588 1540 1891 1623 praefatos
1941 1541 2213 1605 nuncios
2251 1547 2497 1605 vestros

585 1646 764 1712 vobis
826 1646 1167 1732 aperimus,
1223 1642 1709 1710 Cantuariensis
1758 1642 1866 1710 ine
1912 1642 2136 1707 videns
2188 1663 2256 1706 se
2314 1643 2494 1706 omni

588 1747 975 1811 destitutum
1006 1746 1245 1811 auxilio
1275 1753 1342 1809 et
1373 1766 1767 1828 cognoscens
1798 1744 2150 1808 certissime
2197 1745 2368 1828 quod
2413 1744 2495 1808 ad

583 1850 875 1933 regimen
921 1848 1406 1924 Cantuariensis
1459 1847 1741 1922 ecclesiae
1787 1868 1923 1910 non
1968 1848 2176 1914 valeat
2223 1846 2493 1912 ulterius

585 1954 800 2035 aliqua
855 1952 1106 2017 ratione
1164 1951 1391 2029 redire,
1442 1945 1508 2018 et
1554 1951 1678 2035 ipsi
1728 1957 2119 2036 spontaneus
2172 1951 2493 2015 abrenun-

586 2053 780 2118 ciabit
811 2061 876 2117 et
905 2054 977 2117 in
1006 2053 1132 2117 alia
1172 2053 1455 2131 ecclesia,
1487 2051 1601 2116 ubi
1635 2052 1840 2116 vivere
1869 2052 2089 2138 possit,
2122 2052 2245 2118 sibi
2286 2053 2492 2139 provi-

592 2154 730 2219 deri
758 2155 1130 2240 suppliciter
1160 2152 1466 2228 exorabit.

613 2487 1057 2552 EPISTOLA
1101 2485 1892 2551 CCCXGVI.—orroms
1923 2505 2202 2558 »neom
2233 2506 2472 2553 mam-

674 2611 869 2658 NAms
910 2612 961 2655 s,
998 2610 1276 2656 mcoLAl
1328 2610 1416 2653 DE
1459 2608 1777 2654 cAacaaE
1824 2608 2190 2667 Tunmmo,
2245 2609 2348 2654 ΕΡ.
2397 2609 2489 2654 An

668 2713 1144 2772 Aznxfflnauu
1187 2712 1416 2756 PAPAM
1462 2712 1595 2755 ruo
1638 2711 1980 2757 ermenero
2022 2711 2489 2760 LoNDonNsx

535 2845 539 2849 .
614 2871 617 2874 Α
673 2815 1009 2859 ΕΡιεοοΡο.

667 2961 1152 3026 VENERABILIS
1174 2961 1372 3028 frater
1400 2968 1622 3038 noster
1651 2958 2122 3036 Londoniensis
2153 2962 2486 3047 episcopus

541 3111 544 3115 -
585 3062 756 3148 apud
813 3065 940 3148 maj
948 3071 1220 3146 estatem
1269 3071 1549 3143 vestram
1600 3064 1879 3154 plurima
1930 3063 2487 3142 commendatione

581 3187 719 3241 non
758 3157 1030 3249 indiget,
1074 3168 1226 3250 quia
1269 3168 1591 3244 carissime
1634 3175 1837 3253 pater,
1885 3169 2051 3236 sicut
2092 3168 2260 3236 bene
2307 3169 2488 3234 novit

583 3268 979 3351 experientia
1027 3274 1256 3347 vestra,
1306 3275 1372 3336 et
1426 3271 1563 3353 ejus
1614 3291 1886 3356 persona
1930 3270 2203 3336 honesta
2249 3278 2366 3349 est,
2419 3279 2486 3335 et

582 3392 738 3453 erga
779 3376 1064 3434 vestrum
1109 3371 1538 3453 apostolatum
1580 3371 1782 3454 ipsius
1827 3370 2078 3436 devotio
2122 3372 2484 3438 manifesta.
2573 3361 2578 3372 ’

579 3472 864 3538 Laborat
908 3473 1152 3557 utique,
1166 3461 1171 3466 Α
1185 3479 1251 3537 et
1296 3493 1558 3556 operam
1597 3479 1897 3558 prompta
1934 3473 2265 3546 voluntate
2304 3474 2486 3539 daret

578 3580 900 3646 efficacem
940 3577 1024 3644 ad
1062 3563 1376 3654 honorem
1407 3579 1533 3646 Dei
1572 3586 1640 3644 et
1681 3581 1964 3648 ecclesiae
1991 3581 2063 3656 in
2093 3583 2355 3665 negotio
2386 3604 2484 3652 ar-

577 3683 982 3770 chiepiscopi,
1014 3683 1181 3758 sicut
1213 3682 1532 3750 credimus
1573 3690 1641 3748 et
1682 3704 1760 3747 ex
1797 3691 1982 3768 parte
2017 3686 2482 3778 cognoscimm,

577 3785 689 3852 sed
718 3786 885 3856 sicut
926 3792 993 3850 et
1032 3807 1152 3854 nos
1187 3786 1310 3870 ipsi
1339 3787 1586 3874 experti
1623 3808 1867 3873 sumus,
1908 3808 2045 3866 non
2084 3789 2271 3856 affert
2311 3789 2481 3858 fruc-

576 3898 721 3953 tum
749 3910 959 3966 sermo
989 3887 1489 3967 commonitoris,
1522 3889 1652 3956 nisi
1693 3889 1766 3954 in
1810 3889 2000 3962 corde
2042 3892 2220 3982 regio
2265 3912 2481 3978 opere-

576 3995 688 4055 tur
729 3992 1010 4076 primum
1047 3991 1252 4064 virtus
1297 3998 1363 4062 et
1407 3992 1618 4074 gratia
1659 3992 2046 4066 salvationis.
2137 3994 2485 4070 Precamur

578 4092 779 4184 igitur
806 4094 1063 4178 pietatis
1094 4100 1320 4162 vestrae
1364 4094 1774 4178 clementiam
1811 4102 1887 4160 ut
1928 4096 2112 4161 oculo
2149 4097 2481 4170 clementi-

579 4195 677 4259 ori
713 4215 863 4262 eum
900 4197 1271 4283 respiciatis,
1304 4204 1371 4264 et
1416 4218 1565 4264 eum
1609 4204 1921 4280 tanquam
1957 4199 2167 4270 virum
2203 4198 2481 4278 fidelem,

574 4297 941 4376 honestum,
996 4318 1070 4366 ac
1125 4298 1497 4382 religiosum
1547 4300 1858 4390 habeatis.
1970 4300 2246 4368 Sinistra
2304 4300 2479 4366 enim

575 4421 719 4488 quae
793 4420 944 4466 cum
1015 4420 1297 4466 essemus
1358 4403 1530 4490 apud
1587 4425 1698 4470 vos
1758 4403 1837 4467 de
1896 4404 2035 4490 ipso
2097 4400 2476 4478 audivimus,

572 4524 982 4588 nequaquam
1013 4524 1162 4598 vera
1190 4524 1327 4575 esse
1358 4505 1793 4590 cognovimus,
1828 4505 1940 4574 sed
1968 4504 2147 4576 falsa.
