3200 5392
532 981 668 1025 Aa).
705 961 1097 1044 1161—89.]
1138 967 1141 969 ’
1196 977 1536 1024 Eris'roLAE
1568 978 1889 1031 QUAEDAM.
2312 964 2432 1025 131

532 1118 763 1180 regum
792 1097 1093 1175 existunt,
1126 1098 1416 1161 animum
1454 1096 1759 1180 principis
1787 1097 1982 1160 vestri
2015 1096 2437 1177 inclinaverit,

536 1205 614 1263 ut
642 1199 820 1264 vobis
863 1199 1135 1283 gratiam
1167 1221 1349 1263 suam
1388 1199 1778 1278 restitueret,
1816 1200 1990 1264 ultra
2029 1221 2224 1283 quam
2261 1202 2440 1284 loqui

531 1304 847 1387 possimus
889 1303 961 1366 in
1003 1303 1327 1367 hilaritate
1366 1302 1712 1387 jucundati
1756 1321 1998 1382 sumus,
2045 1303 2283 1386 gratias
2330 1325 2437 1368 ex-

532 1406 849 1470 solventes
876 1406 990 1485 illi,
1022 1406 1133 1490 qui
1161 1412 1388 1471 vestrae
1418 1407 1798 1472 constantiae
1832 1405 2269 1472 humilitatem
2299 1408 2437 1491 dig-

530 1514 723 1572 natus
754 1515 851 1572 est
889 1508 1220 1592 respicere,
1253 1530 1447 1591 quem
1487 1530 1809 1593 rogamus,
1841 1516 1918 1573 ut
1960 1507 2133 1593 quod
2175 1510 2435 1594 incepit,

527 1611 621 1674 ita
651 1610 956 1694 dignetur
982 1612 1305 1695 perficere,
1338 1612 1510 1695 quod
1539 1612 1748 1676 honor
1777 1611 2058 1676 ecclesiae
2097 1611 2250 1677 inde
2280 1634 2437 1696 aug-

528 1714 807 1778 mentari
834 1715 1061 1792 valeat,
1093 1721 1159 1778 et
1191 1713 1501 1797 quidquid
1529 1721 1748 1779 reatus
1790 1714 2000 1779 dictus
2030 1714 2327 1799 princeps
2358 1737 2438 1780 ex

529 1816 717 1898 culpa
759 1818 1099 1896 contraxit,
1147 1838 1420 1902 sequens
1473 1818 1824 1882 satisfactio
1869 1815 2094 1882 diluat.
2185 1815 2437 1881 Verum

531 1918 585 1981 si
613 1939 841 2001 corpus
882 1920 1054 2004 quod
1098 1920 1550 2004 corrumpitur,
1582 1942 1720 1985 non
1762 1920 1916 1984 sinit
1958 1942 2106 1985 eum
2148 1920 2231 1984 ad
2260 1921 2437 1985 hunc

528 2021 935 2085 rectitudinis
963 2023 1178 2086 locum
1208 2012 1496 2087 mentem
1524 2045 1841 2103 revocare,
1874 2023 2268 2088 consulimus
2298 2046 2434 2088 mo-

452 2189 467 2208 „
530 2123 627 2186 dis
657 2123 956 2187 omnibus
987 2130 1052 2187 et
1080 2145 1436 2202 monemuS,
1468 2132 1544 2188 ut
1587 2147 1739 2189 eum
1780 2126 1852 2188 in
1892 2126 2123 2209 spiritu
2150 2126 2437 2189 lenitatis

533 2219 791 2289 studeas
835 2226 1174 2304 instruere,
1221 2233 1299 2291 ut
1344 2226 1516 2311 quod
1562 2226 1644 2291 ad
1691 2227 2191 2292 satisfactionem
2233 2228 2436 2305 deest,

526 2330 830 2415 perficere
860 2338 1059 2407 curet,
1091 2336 1158 2394 et
1188 2330 1269 2394 ad
1296 2330 1644 2415 pristinum
1673 2351 1956 2395 amorem
1985 2335 2337 2407 revocatus,
2370 2335 2437 2392 et

530 2432 612 2496 ad
656 2438 945 2496 mentem
988 2451 1277 2496 reversus
1305 2430 1485 2496 vobis
1526 2430 1813 2496 debitam
1854 2432 2130 2516 gratiam
2168 2427 2438 2495 firmiter

530 2533 846 2613 exhibeat,
894 2540 959 2598 et
1004 2534 1267 2598 malitiae
1308 2534 1720 2598 inimicorum
1760 2541 2119 2599 vestrorum
2167 2555 2285 2618 pro
2330 2553 2437 2599 vo-

531 2638 784 2702 luntate
841 2643 1051 2701 vestra
1108 2627 1512 2721 respondeat.
1616 2638 1760 2702 Hac
1820 2638 1996 2702 enim
2053 2637 2156 2701 via
2210 2643 2440 2701 vestrae

532 2740 899 2805 discretioni
955 2739 1388 2804 incedendum
1449 2746 1774 2824 putamuS,
1828 2748 1904 2805 ut
1962 2740 2242 2804 hominis
2301 2741 2441 2803 ani-

534 2843 799 2906 mositas
850 2841 1256 2925 reprimatur,
1308 2850 1374 2907 et
1425 2849 1785 2908 vestrorum
1836 2844 2249 2908 inimicorum
2298 2863 2441 2926 per-

533 2945 796 3009 versitas
839 2944 1241 3009 destruatur:
1294 2967 1380 3010 ne
1420 2946 1586 3011 forte
1631 2948 1684 3010 si
1724 2947 2079 3011 severitatis
2113 2946 2285 3010 viam
2321 2946 2440 3010 ite-

531 3069 679 3111 rum
707 3049 915 3113 velitis
957 3048 1238 3132 aggredi,
1277 3049 1812 3132 quum-nondum
1851 3049 2025 3113 illius
2070 3050 2325 3113 animus
2369 3049 2440 3113 in

531 3151 654 3215 hoc
685 3152 769 3214 sit
800 3150 1125 3229 solidatus,
1158 3151 1329 3234 quod
1366 3151 1577 3230 debet,
1612 3151 1691 3215 de
1720 3152 1905 3216 facile
1944 3151 2341 3216 relaberetur
2368 3151 2438 3215 in

533 3252 656 3316 hoc
706 3252 878 3334 quod
923 3273 1058 3315 non
1103 3252 1314 3330 debet,
1361 3260 1427 3316 et
1477 3254 1572 3317 ita
1624 3261 1790 3318 esset
1840 3255 2221 3318 novissimus
2266 3274 2441 3319 error

532 3356 713 3439 pejor
740 3355 969 3439 priore,
1001 3354 1168 3436 quod
1213 3355 1673 3438 omnipotentis
1702 3356 1904 3419 virtus
1946 3363 2209 3419 avertat.
2300 3355 2441 3419 Nos

534 3464 753 3521 autem
799 3478 916 3540 pro
959 3456 1184 3520 vestris
1227 3456 1647 3539 petitionibus
1698 3455 2142 3540 promovendis
2187 3456 2442 3520 solliciti

531 3561 793 3639 fuimus,
825 3566 892 3623 et
932 3559 1231 3623 dominus
1270 3577 1436 3642 papa
1471 3559 1645 3643 quod
1687 3559 1918 3643 potuit,
1949 3558 2179 3623 libenti
2223 3555 2448 3622 animo

532 3663 720 3728 nobis
748 3662 920 3728 fecit.
1014 3661 1196 3745 Saepe
1224 3667 1471 3725 statum
1499 3668 1788 3727 vestrum
1828 3661 2014 3727 nobis
2047 3660 2437 3744 significetis,

536 3767 706 3849 quod
752 3773 1062 3850 tanquam
1105 3765 1290 3829 fratri
1337 3765 1683 3845 carissimO,
1728 3770 1940 3829 vestro
1986 3763 2298 3829 desiderio
2341 3783 2439 3825 re-

537 3870 848 3952 spondere
878 3869 1226 3953 cupientes,
1259 3868 1436 3933 vobis
1466 3868 2015 3934 concordabimus.

1431 4690 1549 4751 xz
