3200 5392
731 759 866 824 290
1378 777 1671 820 urnam
1707 777 1763 820 ιι
1801 777 1999 821 assus

732 895 1059 961 canonicae
1116 893 1573 960 moderationis
1632 893 2147 978 temperavimus.
2260 894 2642 979 Impraesen·

732 1000 975 1064 tiarum
1002 998 1222 1082 itaque
1250 997 1518 1062 liberam
1546 997 1926 1062 electionem
1957 997 2238 1061 ecclesiae
2266 998 2645 1083 Anglicanae

737 1102 1106 1179 annuimus,
1136 1107 1213 1165 ut
1253 1120 1396 1184 quse
1434 1098 1710 1183 amplius
1749 1119 1947 1182 quam
1976 1098 2283 1164 vellemus
2321 1100 2510 1165 variis
2544 1100 2643 1165 in-

737 1202 1124 1289 pedimentis
1149 1201 1435 1266 desolata
1462 1199 1826 1284 pastoribus
1856 1199 2166 1284 elanguit,
2189 1201 2472 1267 uberiori
2502 1224 2645 1284 gra·

736 1307 832 1371 tia
858 1313 1097 1371 nostrae
1124 1303 1527 1369 liberalitatis
1555 1302 1813 1367 indulta
1838 1302 2138 1368 libertate
2165 1304 2455 1389 respiret.
2516 1306 2645 1370 De-

738 1410 873 1475 lata
892 1408 1095 1493 igitur
1116 1406 1198 1470 ad
1220 1428 1338 1471 nos
1368 1405 1680 1471 electione
1703 1404 2128 1470 Badoniensis
2149 1406 2447 1486 ecclesiae,
2473 1427 2644 1472 com-

737 1512 1068 1577 municato
1097 1509 1363 1575 consilio
1391 1509 1833 1593 episcoporum
1862 1515 2248 1588 nostrorum,
2279 1516 2345 1572 et
2379 1509 2647 1573 modum

740 1622 811 1680 et
858 1613 1151 1680 ordinem
1195 1612 1527 1678 electionis
1575 1612 1902 1678 canonicae
1951 1612 2327 1696 processisse
2377 1633 2645 1695 cognos-

740 1725 984 1795 centes,
1031 1716 1218 1780 electi
1261 1733 1601 1799 personam
1639 1715 1979 1780 honestate
2022 1736 2276 1780 morum
2321 1722 2388 1779 et
2429 1714 2645 1778 litera-

740 1829 907 1886 turae
936 1818 1339 1904 perspicuam
1367 1826 1595 1883 vestrae
1624 1818 1995 1884 discretioni
2030 1819 2476 1884 commendare
2505 1818 2646 1901 dig-

742 1944 903 1987 num
927 1922 1247 1986 duximus.
1308 1922 1396 1986 Et
1427 1942 1818 2005 quamquam
1839 1942 1919 1985 ex
1947 1921 2144 2004 longa
2171 1920 2650 1985 conversatione

744 2024 919 2090 inter
946 2044 1057 2089 vos
1097 2023 1320 2088 habita
1346 2022 1525 2089 vobis
1563 2023 1702 2107 ipse
1742 2022 2065 2107 praecipue
2097 2022 2404 2102 innotuit,
2437 2023 2548 2106 qui
2588 2029 2653 2087 et

744 2127 1086 2212 multiplici
1112 2125 1485 2191 testimonio
1513 2132 1743 2190 vestrae
1771 2125 2132 2189 sanctitatis
2159 2126 2333 2210 'apud
2361 2147 2480 2190 nos
2508 2147 2652 2210 pro-

746 2229 978 2296 babilis
1009 2229 1243 2308 extitit,
1267 2249 1382 2313 pro
1411 2249 1487 2292 eo
1507 2234 1730 2292 tamen
1753 2235 1999 2312 quanta
2025 2249 2363 2311 possumus
2391 2249 2654 2313 precum

748 2332 1064 2397 instantia
1099 2331 1551 2416 supplicamus,
1583 2331 1890 2413 quatinus
1935 2352 2081 2395 eum
2110 2332 2310 2396 talem
2344 2330 2655 2410 habeatis,

747 2435 1007 2518 qualem
1065 2454 1217 2498 eum
1273 2433 1460 2498 nobis
1517 2431 1892 2496 habendum
1952 2433 2182 2517 saepius
2239 2433 2652 2517 praedicastis.

750 2535 1093 2602 Provideat
1134 2535 1337 2619 igitur
1366 2542 1576 2600 vestra
1620 2535 1946 2613 sanctitas„
1976 2556 2061 2599 ne
2102 2535 2345 2600 invidia
2376 2536 2656 2601 nominis

751 2638 960 2704 nostri
1017 2638 1270 2717 efficiat,
1324 2638 1667 2722 quominus
1727 2637 2010 2702 debitam
2071 2646 2449 2723 assequatur
2505 2660 2654 2704 con-

750 2740 1252 2805 summationem
1295 2740 1469 2825 quod
1510 2741 1825 2805 hactenus
1866 2748 2055 2806 tanta
2100 2742 2468 2807 sinceritate
2509 2763 2655 2826 pro-

750 2844 973 2909 cessit.·

845 3164 1290 3231 EPISTOLA
1332 3165 2095 3231 CCCCXC.-—nmsnnn
2128 3184 2221 3229 AD
2252 3187 2561 3230 nummu.

1028 3316 1394 3380 Alexandro
1410 3336 1599 3398 papoe
1628 3316 1944 3379 Hem-icus
1970 3335 2086 3379 rem
2112 3318 2380 3400 Anylioe.
2559 3277 2571 3288 ⁸

844 3465 1215 3531 Enscoros
1262 3466 1535 3530 nuncios
1581 3472 1835 3532 nostros
1887 3464 1970 3529 ad
2014 3466 2211 3549 pedes
2255 3465 2662 3551 paternitatis

751 3575 984 3633 vestrae
1014 3569 1382 3648 direximus,
1413 3577 1717 3652 rogantes
1752 3575 1820 3633 et
1860 3568 2309 3653 supplicantes,
2344 3574 2660 3651 quatenus

756 3671 1034 3755 querelis
1071 3657 1216 3755 quae
1257 3671 1430 3735 inter
1471 3692 1590 3735 nos
1636 3679 1702 3736 et
1736 3669 2273 3736 Cantuariensem
2303 3676 2662 3749 vertuntur,

759 3775 957 3837 finem
987 3773 1279 3839 debitum
1316 3774 1574 3857 justitia
1602 3774 1928 3840 mediante
1971 3773 2312 3859 poneretis.
2401 3773 2489 3837 Et
2515 3781 2664 3837 tan-

759 3876 907 3939 dem
952 3875 1192 3958 placuit
1233 3875 1626 3958 benignitati
1669 3884 1914 3956 vestrae,
1945 3884 2023 3942 ut
2059 3879 2250 3963 juxta
2290 3876 2667 3961 petitionem

757 3984 1049 4043 nostram
1081 3978 1164 4044 de
1189 3979 1389 4043 latere
1418 3987 1631 4044 vestro
1658 3981 1903 4064 legatos
1933 3980 2120 4045 nobis
2148 3981 2492 4045 mitteretis
2522 4002 2671 4044 cum

758 4081 1097 4166 potestatis
1126 4081 1552 4165 plenitudine,
1573 4090 1650 4146 ut
1673 4104 1897 4148 omnes
1927 4086 2390 4149 controversias
2420 4094 2672 4148 nostras

762 4184 955 4268 plene
1008 4184 1318 4265 decidere,
1365 4193 1432 4251 et
1483 4185 1750 4250 definire
1787 4194 2054 4270 possent
2100 4195 2351 4252 remoto
2400 4188 2674 4271 appella-

762 4286 958 4352 tionis
1005 4286 1355 4353 obstaculo.
1455 4287 1588 4353 Qui
1636 4308 1784 4352 cum
1835 4289 1907 4352 in
1952 4289 2075 4354 hac
2120 4298 2462 4373 potestate,
2513 4291 2678 4354 sicut

762 4389 990 4455 nuncii
1029 4389 1236 4455 nostri
1278 4388 1381 4454 ad·
1406 4411 1525 4455 nos
1560 4397 2073 4474 reportaverunt,
2106 4399 2174 4456 et
2217 4393 2420 4459 literis
2455 4392 2681 4457 vestris
