3200 5392
984 259 1011 267 κ

620 934 753 977 Aa).
790 914 1184 997 1161—89.]
1285 934 1620 977 nmsroLAE
1653 934 1975 984 QUAEDAM.
2398 918 2524 980 103

620 1049 963 1133 extirpatas
993 1049 1211 1126 fuisse,
1242 1048 1367 1112 nisi
1404 1049 1569 1113 forte
1610 1049 1751 1112 aliis
1790 1055 2050 1132 possent
2090 1049 2171 1113 ad
2215 1051 2523 1135 majorem

614 1152 902 1236 ‘ecclesiae
930 1160 1062 1217 tuae
1091 1151 1443 1215 utilitatem
1488 1172 1638 1215 cum
1685 1151 1911 1215 eodem
1954 1172 2149 1216 onere
2193 1159 2259 1216 et
2302 1153 2526 1217 labore

617 1254 913 1318 conferri.

683 1569 1125 1634 EPISTOLA
1171 1568 1983 1633 CCCLXXI.—-ssmsnnu
2017 1591 2109 1633 An
2143 1591 2450 1636 EUNDEM.

610 1719 969 1782 Alexander
1043 1721 1261 1783 tertius
1334 1720 1669 1800 episcopus,
1729 1739 1940 1782 semus
1996 1739 2308 1784 servorum
2365 1722 2515 1801 Dei,

693 1822 1028 1884 venerabili
1070 1818 1280 1902 fratri
1325 1822 1403 1884 R.
1457 1822 1538 1884 W
1530 1822 1867 1902 iyorniemi
1913 1823 2212 1904 episcope,
2257 1825 2517 1887 salutem

694 1929 756 1986 et
785 1925 1185 2006 apostolicam
1219 1923 1713 1988 benedictionem.

698 2073 914 2139 Quum
969 2094 1087 2136 nos
1137 2072 1259 2137 tibi
1303 2073 1707 2156 jampridem,
1757 2075 1811 2137 si
1860 2074 2027 2139 bene
2077 2061 2512 2153 meminimus,

608 2196 721 2257 per
749 2175 968 2238 literas
997 2182 1249 2238 nostras
1278 2174 1756 2254 indulserimus,
1786 2183 1864 2238 ut
1895 2177 1948 2238 si
1979 2177 2020 2238 J
2023 2178 2309 2241 ohannes
2353 2200 2513 2261 prae-

609 2275 901 2340 decessor
935 2281 1111 2353 tuus,
1152 2275 1542 2339 reclamante
1582 2276 1859 2358 capitulo
1900 2277 2180 2340 ecclesiae
2217 2284 2369 2355 tuae,
2402 2277 2513 2341 ab·

605 2378 743 2442 bati
795 2385 861 2441 et
910 2376 1220 2441 fratribus
1272 2378 1351 2440 de
1404 2376 1683 2442 Oseneia
1730 2378 2062 2442 ecclesiam
2115 2378 2194 2442 de
2247 2377 2511 2442 Beibur’

490 2475 494 2479 ’
604 2482 899 2559 contulit,
932 2503 1076 2546 eam
1116 2480 1238 2545 tibi
1274 2502 1569 2545 revocare
1610 2481 1849 2560 liceret,
1885 2483 2024 2566 jam
2065 2481 2254 2545 dictis
2298 2482 2509 2546 fiatri-

602 2585 745 2663 bus,
779 2586 946 2648 sicut
976 2585 1222 2662 asseris,
1256 2584 1340 2647 ad
1368 2590 1435 2647 te
1465 2584 1684 2647 literas
1716 2591 1968 2647 nostras
1997 2583 2404 2663 indulsimus,
2435 2593 2512 2648 ut

602 2687 753 2769 ipsis
790 2687 1121 2751 ecclesiam
1154 2688 1293 2771 jam
1333 2687 1572 2750 dictam
1615 2686 1971 2751 dimitteres
2011 2688 2270 2769 pacifice
2310 2689 2507 2771 possi-

603 2789 899 2866 dendam,
959 2790 1367 2854 immemores
1419 2789 1765 2853 existentes
1823 2790 1995 2852 illius
2049 2790 2285 2872 scripti,
2337 2790 2510 2873 quod

603 2912 793 2973 super
834 2891 957 2955 hoc
1000 2891 1122 2954 tibi
1163 2892 1375 2954 fuerat
1421 2914 1459 2955 a
1496 2891 1683 2954 nobis
1724 2890 2073 2954 indultum.
2165 2892 2350 2957 Licet
2394 2915 2507 2956 au-

598 3002 734 3056 tem
776 2994 898 3057 tibi
941 2995 1063 3057 hoc
1105 2994 1584 3073 indulserimuS,
1632 2993 2040 3076 prudentiam
2070 3003 2292 3058 tamen
2320 3002 2503 3058 tuam

598 3118 933 3161 monemus
974 3104 1041 3161 et
1079 3098 1415 3161 hortamur
1455 3097 1788 3175 attentiuS,
1822 3097 2126 3180 quatinus
2158 3097 2371 3161 divino
2402 3097 2501 3160 in-

597 3199 769 3261 tuitu
815 3206 883 3261 et
925 3219 1040 3280 pro
1083 3200 1438 3264 reverentia
1475 3199 1652 3262 beati
1692 3200 1869 3262 Petri
1913 3207 1979 3263 et
2023 3207 2263 3276 nostra,
2305 3201 2501 3264 eccle-

598 3299 760 3362 siam
797 3301 1022 3382 ipsam,
1064 3300 1115 3362 si
1155 3321 1280 3381 quo
1323 3300 1515 3364 modo
1562 3302 1701 3363 sine
1746 3302 1923 3381 gravi
1967 3301 2355 3365 detrimento
2401 3324 2500 3366 ec·
2587 3289 2592 3294 ¹

597 3401 804 3466 clesiae
832 3408 964 3465 tuae
992 3408 1190 3484 poteS,
1216 3387 1353 3484 jam
1384 3401 1571 3464 dictis
1599 3401 1905 3463 fratribus
1946 3402 2017 3464 in
2056 3423 2213 3484 pace
2254 3409 2319 3465 et
2361 3406 2498 3485 qui-

595 3510 699 3566 ete
759 3502 1067 3566 dimittas.
1179 3502 1350 3567 Quia
1408 3502 1592 3566 decet
1651 3502 2118 3584 providentiam
2176 3510 2360 3567 tuam
2419 3506 2498 3568 ad

593 3605 1001 3669 commodum
1050 3613 1116 3667 et
1162 3605 1523 3688 profectum
1569 3604 2015 3686 religiosorum
2061 3605 2350 3669 locorum
2399 3606 2498 3669 in-

592 3707 875 3786 tendere,
908 3713 973 3770 et
1006 3707 1176 3789 quod
1204 3706 1377 3770 idem
1412 3707 1837 3789 praedecessor
1872 3714 2026 3770 tuus
2063 3708 2321 3790 pietatis
2363 3714 2498 3772 stu-

593 3808 697 3872 dio
741 3808 894 3874 fecit
945 3816 1161 3872 ratum
1221 3817 1286 3873 et
1336 3809 1598 3872 firmum
1654 3808 1910 3873 habere.
2024 3810 2094 3873 Si
2147 3816 2362 3874 autem
2417 3812 2500 3874 ad

590 3910 862 3975 eandem
935 3910 1089 3994 ipsis
1147 3910 1479 3975 ecclesiam
1538 3910 1995 3974 dimittendam
2053 3911 2272 3976 induci
2329 3913 2496 3976 forte

589 4033 724 4075 non
774 4013 1032 4095 poteris,
1086 4033 1221 4076 non
1274 4010 1683 4076 obstantibus
1742 4012 1945 4076 literis
1999 4035 2156 4096 quas
2207 4015 2498 4097 praedicti

588 4112 817 4176 fratres
881 4136 1072 4197 super
1128 4114 1251 4178 hoc
1309 4114 1835 4197 impetraverunt,
1896 4114 2205 4197 scriptum
2265 4117 2495 4179 exinde

587 4213 712 4277 tibi
754 4215 1081 4281 indultum
1124 4218 1196 4280 in
1240 4239 1358 4280 sua
1397 4218 1691 4281 volumus
1736 4216 2085 4280 stabilitate
2124 4218 2493 4282 consistere.

591 4317 916 4382 Quoniam
963 4327 1211 4382 certum
1264 4327 1361 4383 est
1413 4319 1493 4382 de
1545 4320 1753 4401 rigore
1799 4319 1964 4401 juris
2017 4320 2492 4382 concessionem

587 4419 764 4481 illam
822 4425 1065 4498 tenere,
1127 4422 1180 4484 si
1236 4422 1627 4485 reclamante
1687 4422 1986 4504 capitulo,
2047 4440 2160 4502 per
2212 4418 2491 4482 eundem

587 4521 1114 4603 praedecessorem
1171 4530 1360 4586 tuum
1417 4524 1624 4607 ipsam
1682 4530 1937 4588 constat
1987 4523 2226 4585 factam
2276 4522 2493 4600 fuisse,
