3200 5392
584 889 719 932 Am.
757 870 1152 955 nel—89]
1253 890 1586 934 nmswm
1620 891 1942 941 QUAEDAM.
2363 870 2487 934 261

579 1005 888 1091 magister
934 1007 1259 1070 Henricus
1311 1005 1615 1071 Pinchun
1667 1013 1734 1071 et
1783 1006 2041 1091 quidam
2091 1005 2490 1088 templarius,

577 1108 761 1172 missi
810 1109 894 1173 ad
944 1110 1385 1174 excusandum
1433 1131 1674 1193 regem,
1725 1096 1898 1193 quod
1942 1130 2064 1173 nec
2110 1109 2251 1192 ejus
2300 1131 2487 1173 man-

577 1211 747 1290 dato,
795 1233 918 1276 nec
960 1214 1291 1278 voluntate
1340 1213 1719 1277 interfectus
1764 1218 1932 1277 esset
1977 1211 2484 1277 cantuariensis.

575 1312 724 1379 Hoc
753 1322 972 1380 autem
1000 1338 1137 1381 non
1165 1322 1264 1380 est
1293 1322 1629 1399 negatum,
1658 1316 1814 1399 quin
1843 1316 1980 1400 ipse
2009 1315 2292 1380 dedisset
2332 1335 2484 1379 cau-

572 1437 710 1480 sam
739 1419 966 1483 mortis
996 1440 1150 1499 suae,
1182 1425 1249 1484 et
1279 1419 1438 1504 quin
1469 1418 1715 1506 aliquid
1745 1418 2029 1500 dixisset,
2059 1417 2237 1483 unde
2279 1418 2485 1482 inter-

567 1523 838 1589 fectores
911 1525 1009 1589 illi
1079 1525 1480 1591 occasionem
1551 1525 1984 1591 interficiendi
2042 1530 2474 1609 sumpserunt.

570 1626 700 1692 Sed
742 1648 864 1693 nec
905 1627 1017 1692 isti
1062 1628 1329 1693 secundi
1370 1627 1598 1692 nuncii
1642 1627 1835 1691 simul
1879 1627 1962 1691 ad
2006 1627 2251 1691 curiam
2283 1645 2482 1690 vene*

563 1736 741 1810 runt,
791 1736 858 1794 et
910 1753 949 1795 a
1000 1731 1262 1796 domino
1308 1750 1476 1816 papa
1521 1751 1658 1794 non
1705 1736 1857 1794 sunt
1905 1729 2185 1810 admissi,
2230 1750 2352 1794 nec
2402 1728 2476 1793 in

564 1839 913 1917 conspectu
944 1834 1082 1917 ejus
1112 1853 1422 1917 apparere
1444 1839 1821 1916 potuerunt.
1910 1832 2165 1897 Deinde
2204 1832 2287 1895 ad
2329 1851 2480 1915 pre-

563 1955 668 1999 ces
717 1936 1124 2019 quorundam
1175 1935 1596 1999 cardinalium
1647 1936 1891 2020 recepti
1943 1941 2096 1999 sunt
2149 1934 2346 1999 abbas
2405 1940 2478 1999 et

563 2037 975 2100 Lexoviensis
1020 2037 1522 2102 archidiaconus.
1614 2037 2193 2122 Appropinquante
2224 2037 2329 2101 die
2359 2038 2402 2101 J
2404 2059 2471 2101 o-

559 2141 672 2220 vis,
728 2141 1016 2223 proxima
1067 2148 1218 2205 ante
1273 2141 1510 2225 pascha
1567 2143 1950 2225 generaliter
2010 2142 2349 2206 dicebatur*
2399 2141 2473 2205 in

558 2246 754 2324 curia,
787 2246 960 2330 quod
1000 2246 1300 2310 dominus
1337 2268 1505 2329 papa
1541 2246 1655 2311 illa
1694 2246 1795 2311 die
1837 2236 2106 2311 daturus
2145 2253 2284 2311 erat
2324 2268 2473 2311 sen-

554 2349 831 2414 tentiam
891 2341 1569 2414 excommunicationis
1627 2350 1699 2413 in
1755 2371 1978 2433 regem
2035 2356 2103 2414 et
2167 2371 2466 2434 regnum.

557 2450 753 2518 Unde
794 2453 1018 2517 nuncii
1057 2454 1288 2518 timore
1327 2453 1654 2537 perterriti
1695 2453 2079 2538 quibusdam
2127 2454 2464 2518 cardinali-

551 2555 674 2621 bus
712 2556 1264 2621 intercedentibus
1305 2556 1829 2640 significaverunt
1870 2557 2131 2622 domino
2173 2579 2356 2641 papae
2395 2579 2464 2623 se

550 2661 864 2744 accepisse
902 2661 974 2723 in
1012 2660 1336 2725 mandatis
1377 2683 1416 2725 a
1455 2661 1718 2726 domino
1756 2683 1928 2744 rege,
1961 2662 2134 2746 quod
2166 2662 2462 2746 jurarent

547 2763 619 2826 in
662 2764 1004 2847 praesentia
1048 2764 1203 2847 ejus,
1244 2763 1417 2847 quod
1459 2786 1571 2828 rex
1616 2764 1814 2829 stabit
1856 2765 2166 2829 mandato
2210 2787 2346 2846 suc,
2393 2773 2460 2832 et

544 2866 669 2930 hoc
720 2868 967 2950 jurabit
1024 2867 1094 2930 in
1153 2868 1410 2950 propria
1466 2889 1743 2951 persona
1801 2890 1936 2934 sua.
2012 2868 2292 2932 -Eadem
2352 2870 2458 2935 die

547 2970 591 3032 J
593 2970 724 3034 ovis
762 2971 897 3034 fere
936 2971 1105 3034 circa
1141 2971 1367 3035 horam
1405 2993 1648 3035 nonam
1678 2972 1886 3036 vocati
1915 2978 2068 3036 sunt
2109 2979 2244 3036 tam
2283 2994 2454 3037 nun-

544 3072 629 3135 cii
677 3073 867 3154 regis,
913 3094 1109 3156 quam
1158 3073 1385 3160 nuncii
1435 3074 1897 3158 episcoporum,
1945 3080 2012 3138 et
2054 3075 2127 3138 in
2170 3077 2457 3158 generali

544 3174 918 3238 consistorio
950 3176 1331 3257 juraverunt
1370 3177 1594 3239 nuncii
1633 3176 1824 3258 regis,
1856 3177 2098 3241 scilicet
2137 3176 2335 3242 abbas
2373 3180 2455 3244 de

542 3275 819 3357 Walace‚
867 3283 934 3341 et
982 3277 1110 3341 duo
1158 3276 1586 3342 archidiaconi
1631 3277 1941 3362 praedicti,
1988 3285 2055 3342 et
2102 3280 2449 3362 HenricuS,

541 3388 606 3448 et
656 3381 971 3446 Ricardus
1023 3379 1241 3459 Barre,
1290 3380 1459 3465 quod
1509 3402 1622 3445 rex
1674 3381 1871 3446 stabit
1914 3380 2159 3465 judicio
2206 3382 2453 3449 domini

537 3507 743 3569 papae,
792 3491 858 3549 et
909 3484 994 3549 ad
1042 3490 1435 3569 praeceptum
1488 3483 1627 3568 ejus
1676 3483 1800 3548 hoc
1843 3482 2112 3568 jurabit.
2203 3486 2452 3552 Nuncii

536 3610 684 3654 vero
736 3588 1162 3652 Eboracensis
1210 3587 1683 3672 archiepiscopi,
1736 3593 1804 3652 et
1855 3587 2328 3653 Londoniensis
2379 3599 2448 3657 et

538 3692 1037 3757 Saresberiensis
1061 3691 1502 3776 episcoporum
1523 3691 1908 3775 juraverunt
1938 3690 2250 3772 similiter,
2272 3695 2448 3775 quod

535 3794 780 3859 domini
819 3795 920 3858 sui
959 3794 1229 3859 stabunt
1272 3799 1596 3878 praecepto
1635 3793 1795 3878 ejus,
1832 3800 1900 3859 et
1942 3792 2065 3858 hoc
2101 3793 2440 3879 jurabunt.
2567 3811 2576 3819 ‘

534 3897 782 3961 Eadem
811 3903 1034 3962 tamen
1076 3897 1178 3961 die
1219 3896 1799 3962 excommunicavit
1830 3897 2214 3979 generaliter
2239 3897 2443 3963 inter-

530 3998 803 4063 fectores
851 3999 1330 4064 Cantuariensis
1383 4006 1449 4065 et
1496 4021 1720 4065 omnes
1769 3999 1880 4084 qui
1930 4000 2290 4081 consilium,
2298 4002 2440 4087 dvel

532 4102 862 4180 auxilium,
914 4103 1015 4166 vel
1065 4123 1395 4166 assensum
1444 4101 1884 4185 praebuerunt,
1932 4108 1999 4166 et
2051 4123 2274 4166 omnes
2322 4105 2436 4185 qui

529 4226 637 4269 eos
680 4206 753 4268 in
791 4211 964 4268 terra
1006 4226 1123 4268 sua
1159 4205 1516 4288 receperint
1556 4211 1671 4269 aut
1709 4204 2002 4269 foverint.
2091 4205 2248 4268 Post
2291 4226 2435 4288 pas-

529 4308 651 4372 cha
693 4314 1013 4373 venerunt
1046 4307 1516 4390 Wigorniensis
1564 4314 1630 4373 et
1675 4307 2085 4371 Ebroicensis
2133 4306 2431 4391 episcopi,

503 4419 594 4477 ‘et
626 4411 950 4477 Robertus
981 4411 1062 4476 de
1090 4410 1278 4475 Novo
1301 4412 1542 4494 Burgo,
1569 4418 1635 4474 et
1665 4417 1886 4475 utrum
1915 4408 2079 4473 illud
2099 4410 2431 4494 juramen-

521 4523 664 4581 tum
710 4516 790 4581 ab
836 4515 928 4580 eis
973 4520 1269 4581 exactum
1317 4514 1418 4593 sit,
1461 4514 1712 4578 nescio:
1761 4514 1873 4577 sed
1913 4511 2041 4576 scio
2082 4513 2255 4597 quod
2293 4535 2429 4578 non
