3200 5392
596 992 732 1035 Aa).
769 970 1164 1054 1161—89.]
1265 990 1766 1034 LoNDONmNsls
1800 992 2152 1035 musmones.
2416 970 2496 1035 21

597 1104 874 1189 ambigo,
918 1111 1051 1170 tuae
1094 1105 1523 1169 confidentius
1567 1104 1822 1169 caritati
1866 1105 2267 1185 commendo,
2314 1105 2501 1171 affec-

593 1212 778 1272 tuose
808 1207 1192 1292 supplicans,
1217 1208 1522 1290 quatinus
1552 1207 1636 1272 ob
1666 1208 1926 1272 beatam
1954 1208 2134 1272 illam
2164 1229 2344 1291 spem
2374 1193 2501 1293 qua

592 1309 666 1373 in
710 1310 926 1374 Deum
969 1310 1316 1389 tendimus,
1353 1333 1482 1393 qua
1523 1310 1691 1375 bene
1736 1310 2051 1393 sperando
2094 1319 2241 1394 post
2286 1310 2502 1375 Chris-

592 1418 736 1477 tum
783 1412 1121 1493 currimuS,
1166 1413 1521 1478 humilibus
1550 1413 1858 1478 fratribus
1889 1414 1969 1478 de
2002 1414 2280 1478 Oseneio
2315 1414 2500 1478 mise-

594 1514 884 1579 ricordiae
926 1514 1192 1578 tandem
1238 1514 1451 1578 sinum
1498 1515 1762 1598 aperias,
1814 1521 1880 1579 et
1928 1536 2152 1579 eorum
2200 1516 2504 1602 compati-

598 1618 767 1683 endo
807 1618 1135 1683 doloribus
1175 1619 1461 1702 ipsorum
1500 1619 1991 1703 fatigationibus
2020 1622 2217 1685 finem
2247 1622 2506 1705 pietatis

599 1721 912 1805 imponas.
975 1722 1363 1802 Memorare,
1388 1722 1731 1802 carissime,
1754 1723 1982 1806 quanti
2012 1724 2097 1787 sit
2126 1724 2341 1788 meriti
2369 1724 2508 1789 loca

596 1833 824 1890 sancta
851 1833 1242 1905 construere,
1274 1826 1675 1891 mansionem
1717 1827 2019 1906 DominO,
2054 1849 2180 1911 qua
2207 1849 2408 1912 usque
2437 1828 2507 1891 111

599 1929 947 1995 adventum
1007 1952 1198 1994 suum
1259 1929 1398 1994 sine
1457 1931 1587 1994 fine
1648 1931 1967 2009 laudetur,
2021 1931 2393 2010 honoretur,
2441 1939 2508 1995 et

592 2032 896 2097 adoretur
923 2033 1258 2111 aedificare,
1290 2033 1624 2098 considera
1654 2040 1973 2116 quantum
2004 2034 2087 2099 sit
2116 2034 2292 2099 bona
2323 2034 2505 2118 spiri-

598 2136 800 2199 tualia
828 2155 962 2198 non
992 2136 1200 2198 solum
1223 2156 1356 2199 non
1377 2135 1708 2217 impedire,
1734 2135 1844 2200 sed
1874 2144 1951 2200 ut
1979 2137 2051 2201 in
2081 2138 2208 2202 Dei
2238 2138 2507 2221 gloriam

599 2237 955 2300 exuberent
977 2236 1077 2299 his
1101 2238 1652 2319 opportunitatem
1678 2244 1744 2301 et
1766 2259 2027 2303 causam
2050 2240 2132 2303 de
2153 2240 2289 2304 tuis
2311 2241 2507 2304 etiam

596 2337 916 2402 exhibere.
1006 2339 1367 2416 Mement0‚
1413 2338 1758 2417 carissime,
1803 2340 1977 2422 quod
2022 2340 2193 2405 bella
2241 2341 2509 2405 Domini

600 2448 863 2509 strenue
893 2443 1182 2525 gesseris,
1216 2442 1387 2525 quod
1426 2442 1557 2506 tuis
1601 2443 1799 2506 etiam
1841 2443 2175 2526 stipendiis
2214 2466 2332 2527 pro
2370 2445 2509 2528 ipso

600 2545 989 2624 militaveris,
1023 2545 1196 2629 quod
1238 2545 1530 2610 infideles
1575 2552 1642 2609 et
1685 2545 2050 2610 incredulos
2085 2546 2368 2630 teipsum
2399 2569 2509 2631 op-

598 2647 897 2731 ponendo
928 2655 993 2712 et
1025 2649 1198 2712 velut
1237 2648 1307 2711 in
1345 2648 1793 2713 holocaustum
1825 2648 2151 2713 offerendo
2180 2650 2508 2732 repuleris,

600 2758 667 2816 et
708 2752 819 2836 qui
861 2752 1132 2816 rebelles
1174 2752 1457 2817 Domino
1500 2752 1852 2816 confudisti
1892 2752 1961 2816 in
1989 2752 2167 2832 Asia,
2199 2753 2337 2836 ejus
2382 2774 2509 2818 ser-

599 2875 710 2919 vos
753 2855 1030 2918 humiles
1076 2854 1339 2937 obsecro
1383 2875 1468 2918 ne
1513 2854 1871 2918 confundas
1915 2855 1988 2918 in
2028 2855 2287 2939 Anglia.
2382 2855 2511 2919 Sed

598 2964 676 3022 ut
719 2957 885 3021 bene
915 2944 1333 3031 consummes
1352 2956 1589 3034 omnia,
1622 2978 1773 3021 cum
1804 2957 2013 3039 capite
2044 2958 2329 3023 Domino
2359 2979 2507 3021 cau-

600 3059 750 3124 dam
780 3060 974 3125 etiam
1002 3060 1231 3125 hostiae
1259 3061 1508 3139 offeras,
1540 3066 1619 3123 ut
1654 3082 1805 3124 cum
1846 3059 2017 3124 bono
2056 3067 2189 3124 tuae
2227 3060 2510 3124 satisfac-

599 3164 795 3228 tionis
853 3162 1061 3243 initio,
1123 3165 1321 3226 finem
1380 3164 1576 3227 etiam
1638 3162 2032 3228 laudabilem
2085 3162 2424 3242 addideris,
2474 3185 2514 3226 a

599 3287 838 3348 magna
888 3287 1089 3329 manu
1139 3265 1407 3329 Domini
1459 3272 1700 3329 cuncta
1747 3287 1890 3348 quae
1942 3265 2137 3329 servis
2197 3267 2337 3349 ejus
2395 3285 2524 3350 pro

601 3367 740 3451 ipso
778 3366 1185 3449 impenderis,
1217 3366 1289 3429 in
1329 3365 1440 3428 illa
1480 3365 1584 3428 die
1626 3365 1869 3429 centies
1901 3365 2327 3447 multiplicata
2354 3364 2513 3429 reci-

599 3470 759 3554 pias.
851 3469 1025 3551 Opto
1071 3474 1147 3530 ut
1195 3466 1424 3543 valeaS,
1476 3473 1541 3528 et
1598 3485 1716 3547 pro
1765 3463 2000 3546 quibus
2061 3465 2367 3546 supplico,
2415 3466 2514 3528 tui

603 3571 776 3655 apud
821 3569 1177 3635 Dominum
1224 3587 1538 3632 memores
1582 3567 1687 3651 pie
1731 3566 2098 3630 miserando
2136 3567 2511 3632 constituas.

603 3675 855 3739 Valete.

826 3937 1268 4003 EPISTOLA
1314 3935 2027 4000 CCLXXXVII.—An
2064 3982 2287 3999 .....

699 4090 808 4175 [F]
823 4110 1008 4154 Imus
1051 4089 1223 4172 regis
1266 4108 1561 4171 supernoe
1589 4086 1953 4151 Jerusalem
1983 4085 2261 4150 coelestis
2301 4107 2515 4169 egres-

603 4214 712 4257 sus
755 4200 854 4258 est
897 4198 973 4256 ut
1017 4192 1565 4275 contemplaretur
1593 4210 1797 4272 regna
1824 4188 2026 4271 patris
2057 4188 2157 4251 sui
2187 4187 2513 4252 inferiora.

603 4299 737 4367 Qui
766 4298 1244 4383 circumspectis
1273 4295 1573 4361 omnibus
1602 4315 1930 4378 regressus
1976 4292 2058 4357 ad
2102 4300 2355 4388 patrem
2400 4294 2511 4372 ait,

606 4408 625 4438 ‘
644 4404 854 4481 Pater,
908 4401 1127 4467 omnia
1177 4408 1494 4464 terrarum
1546 4418 1750 4480 regna
1800 4395 2080 4475 circuivi,
2132 4401 2199 4458 et
2251 4417 2396 4479 quae
2445 4396 2516 4459 in

603 4505 906 4570 omnibus
964 4510 1313 4586 agerentur
1388 4502 1735 4585 diligenter
1807 4499 2098 4583 inspexi3
2168 4499 2515 4563 clamorem

605 4608 808 4673 etiam.
835 4606 1280 4684 Sodomorum,
1314 4605 1425 4688 qui
1466 4604 1546 4668 ad
1587 4609 1654 4667 te
1696 4601 2094 4679 ascenderat,
2126 4621 2349 4664 verum
2382 4621 2518 4662 csse
