3200 5392
811 755 898 817 50
1432 777 1753 822 canna-1³1
1789 778 2088 823 nrlscon

811 891 984 974 quod
1041 892 1124 957 ad
1182 891 1640 959 conscientiam
1698 903 1986 960 nostram
2038 901 2485 960 conversatum
2536 894 2707 979 apud

807 1014 946 1072 nos,
977 995 1231 1059 caritati
1272 1001 1498 1060 vestrae
1540 997 2065 1062 commendamus
2109 998 2442 1076 attentius,
2486 1018 2707 1080 preces

807 1095 879 1159 in
909 1096 1031 1160 hoc
1062 1097 1287 1163 devote
1314 1098 1735 1182 porrigentes,
1766 1106 1841 1165 ut
1871 1122 2020 1165 eum
2048 1107 2360 1184 tanquam
2405 1100 2708 1165 devotum

811 1197 1018 1263 filium
1048 1220 1197 1264 cum
1227 1202 1434 1284 gratia
1463 1203 1841 1286 suscipiatis,
1872 1210 1938 1267 et
1966 1210 2204 1269 nostrae
2241 1203 2571 1287 petitionis
2609 1201 2709 1265 in-

811 1301 986 1366 tuitu
1024 1301 1104 1366 de
1139 1303 1380 1368 cariore
1409 1305 1717 1369 cariorem
1748 1305 2059 1386 habeatis,
2088 1312 2165 1370 ut
2204 1327 2323 1370 nos
2363 1326 2441 1369 ex
2479 1305 2602 1369 hoc
2643 1311 2709 1368 et

816 1404 1172 1470 dilectionis
1202 1415 1268 1472 et
1297 1409 1622 1492 amplioris
1651 1409 1875 1494 gratiae
1904 1409 2224 1474 debitores
2252 1407 2562 1473 habeatis.

1102 1725 1544 1791 EPISTOLA
1588 1725 2149 1790 CCCXXV.—-An
2183 1772 2404 1790 .....

900 1876 1409 1940 ΠΝῙνΕΒεῙΤΑτῙ
1468 1883 1697 1941 vestrae
1767 1875 2070 1960 praesenti
2138 1876 2372 1960 scripto
2429 1874 2710 1953 notificO,

811 1998 917 2041 me
960 1979 1292 2043 ecclesiam
1337 1979 1417 2043 de
1445 1979 1745 2044 Wicham
1787 2000 1937 2043 cum
1980 1980 2225 2062 capella
2266 2001 2401 2057 sua,
2449 1976 2712 2042 ecclesia

810 2079 1106 2147 videlicet
1136 2081 1215 2146 de
1248 2080 1672 2165 Langeforde,
1704 2082 2075 2165 caeterisque
2104 2081 2405 2146 omnibus
2445 2080 2528 2145 ad
2567 2101 2711 2144 eam

810 2184 1305 2268 pertinentibus,
1332 2185 1421 2248 H.
1446 2185 1675 2249 clerico
1703 2185 1776 2247 in
1805 2184 2271 2266 eleemosynam
2305 2182 2708 2259 concessisse,

810 2286 1149 2369 ipsumque
1176 2287 1247 2349 in
1278 2286 1517 2350 eisdem
1548 2284 1827 2350 ecclesiis
1855 2306 2215 2367 personam,
2247 2306 2323 2348 ea
2351 2305 2495 2366 quae
2523 2282 2711 2347 nobis

812 2407 851 2449 a
894 2387 1035 2450 Deo
1079 2407 1378 2451 concessa
1423 2393 1521 2450 est
1568 2386 1951 2450 auctoritate
1997 2385 2425 2449 constituisse.
2518 2383 2710 2450 Quod

809 2509 895 2552 ne
936 2488 1218 2553 revocari
1259 2488 1460 2571 possit
1503 2488 1573 2550 in
1621 2486 1909 2565 dubium,
1952 2487 2204 2570 paginae
2241 2486 2574 2570 praesentis
2611 2487 2710 2549 in-

811 2591 1175 2674 scriptione,
1207 2598 1273 2655 et
1303 2590 1496 2672 sigilli
1524 2591 1654 2654 mei
1683 2590 2076 2673 appositione
2105 2590 2435 2654 testificari
2473 2590 2713 2673 pariter

811 2700 878 2758 et
906 2695 1283 2759 confirmare
1312 2694 1547 2756 curavi.

1084 3005 1526 3072 EPISTOLA
1571 3007 2172 3073 CCCXXVI.—-An
2209 3053 2428 3069 .....

899 3161 1087 3228 Qum
1145 3159 1269 3245 piis
1326 3158 1657 3227 desideriis
1713 3181 1993 3244 pronum
2043 3157 2348 3223 adhibere
2398 3156 2706 3223 debemus

808 3285 1161 3343 assensum,
1205 3262 1607 3329 universitati
1645 3270 1876 3330 vestrae
1916 3260 2220 3347 praesenti
2261 3261 2496 3344 scripto
2538 3260 2707 3324 noti-

806 3370 1094 3446 ficamus,
1125 3387 1243 3431 nos
1288 3387 1368 3430 ex
1410 3366 1817 3430 concessione
1860 3365 2093 3430 nobilis
2120 3364 2421 3443 foeminae,
2454 3363 2707 3428 Ceciliae

806 3469 1102 3534 videlicet
1137 3467 1395 3544 Talbot,
1427 3467 1759 3531 ecclesiam
1804 3466 1885 3532 de
1927 3469 2235 3552 Feenges‚
2266 3490 2409 3551 quae
2449 3466 2521 3530 in
2566 3467 2706 3551 ejus

805 3568 1194 3654 patrimonio
1223 3568 1347 3635 sita
1375 3574 1492 3646 est,
1525 3567 1806 3633 ecclesiae
1833 3568 2011 3633 beati
2039 3571 2080 3632 J
2084 3568 2265 3634 acobi
2304 3589 2495 3651 supra
2521 3588 2706 3631 mon-

804 3674 941 3731 tem
988 3666 1381 3749 Rothomagi
1438 3673 1504 3731 et
1560 3667 1868 3732 fiatribus
1919 3675 1985 3733 et
2041 3667 2315 3732 infirmis
2363 3667 2436 3731 in
2486 3666 2703 3730 eadem

805 3768 1382 3849 commanentibus,
1413 3775 1480 3834 et
1511 3770 1739 3853 jugem
1779 3771 2062 3835 Domino
2099 3770 2485 3834 famulatum
2529 3768 2704 3833 exhi-

804 3866 1130 3947 bentibus,
1162 3889 1240 3932 ea
1269 3889 1396 3952 qua
1423 3868 1840 3952 permittente
1871 3868 2154 3934 Domino
2181 3868 2516 3951 fungimur
2555 3888 2703 3931 auc-

801 3970 1085 4047 toritate,
1132 3970 1204 4034 in
1247 3979 1623 4056 perpetuam
1669 3973 2139 4056 eleemosynam
2186 3970 2589 4049 concessisse,
2637 3975 2703 4033 et

802 4073 1231 4138 venerabilem
1270 4074 1534 4139 fratrem
1576 4081 1874 4140 nostrum
1915 4075 2316 4140 Herbertum
2356 4073 2558 4157 ipsius
2600 4094 2703 4138 ec-

803 4173 1010 4239 clesiae
1050 4175 1257 4239 sancti
1293 4176 1336 4238 J
1338 4174 1517 4239 acobi
1557 4175 1856 4258 priorem,
1897 4174 1969 4238 in
2008 4196 2086 4239 ea
2122 4195 2463 4260 personam
2501 4171 2702 4255 ipsius

802 4273 1082 4336 ecclesiae
1142 4273 1351 4337 sancti
1410 4274 1453 4336 J
1454 4272 1637 4336 acobi
1697 4273 1979 4352 nomine,
2034 4273 2254 4338 debita
2312 4271 2701 4338 solennitate

802 4374 1227 4439 constituisse.
1320 4373 1511 4439 Quod
1562 4396 1648 4438 ne
1700 4375 1998 4460 deinceps
2049 4375 2331 4441 revocari
2380 4373 2580 4460 possit
2629 4371 2703 4435 in
