3200 5392
577 878 714 925 Aa).
752 855 1146 941 1161—89.]
1246 872 1577 937 EPISTOLAE
1610 872 1937 925 QUAEDAM.
2360 854 2486 923 271

4 1287 7 1390 Ἲῄ.

623 1211 1072 1277 EPISTOLA
1101 1208 2052 1275 CCCCLXXVI.—-rnArRUM
2085 1225 2454 1271 murnum-

981 1334 1275 1378 ANomm
1308 1332 1401 1376 An
1435 1331 1806 1376 nnchtm
1836 1328 2092 1373 naemu.

580 1466 1116 1531 Eoecellentissimo
1166 1471 1228 1530 et
1284 1465 1353 1527 in
1405 1463 1641 1527 Christi
1690 1462 2025 1526 visceribus
2075 1460 2493 1542 amplectendo

664 1571 801 1652 reyi
828 1571 1174 1653 Anylorum
1216 1568 1641 1631 strenuissimo
1668 1563 1921 1646 fratres
1961 1563 2326 1643 Carthasiae,
2370 1564 2492 1627 uti-

664 1696 811 1738 nam
843 1693 1157 1756 pauperes
1201 1672 1448 1753 spiritu,
1493 1670 1587 1733 sic
1637 1671 1705 1732 in
1740 1670 2042 1751 praesenti
2091 1671 2309 1733 soeculo
2354 1688 2493 1750 rey-

667 1796 840 1855 nare,
869 1782 941 1839 ut
970 1778 1039 1838 in
1049 1773 1279 1857 futuro
1307 1775 1515 1838 valeat
1543 1772 1851 1835 coronari.

668 1927 887 1993 Quum
918 1929 1180 1989 sanctus
1211 1924 1253 1987 J
1256 1923 1338 1987 ob
1370 1922 1621 1987 sederet
1653 1921 1836 2006 quasi
1877 1942 1991 1986 rex
2030 1909 2492 1986 circumstante

4 2039 10 2158 ι
583 2028 890 2107 exercitu,
944 2032 1081 2091 erat
1139 2032 1364 2091 tamen
1413 2025 1832 2089 moerentium
1884 2023 2265 2088 consolator.
2356 2024 2498 2087 Rex

584 2152 817 2215 regum
875 2136 942 2195 et
999 2129 1321 2194 Dominus
1381 2126 1860 2192 dominantium
1919 2126 2171 2209 aperuit
2228 2146 2499 2189 manum

4 2203 10 2336 s
587 2256 793 2313 suam,
823 2240 891 2299 et
932 2231 1220 2296 habenas
1248 2231 1437 2315 regni
1473 2230 1672 2295 vestri
1710 2218 2157 2313 multipliciter
2185 2227 2496 2293 dilatavit.

588 2338 864 2422 Oportet
904 2356 1080 2419 erg0,
1110 2341 1184 2400 ut
1225 2353 1478 2417 semper
1506 2338 1660 2397 ante
1690 2332 1908 2397 oculos
1936 2338 2178 2397 vestros
2207 2329 2500 2395 habeatis

583 2440 764 2504 illam
812 2438 1169 2505 terribilem
1216 2438 1656 2501 Sacrosanctae
1704 2433 2051 2519 Scripturae
2094 2434 2499 2500 comminati-

586 2564 801 2622 onem,
833 2564 961 2627 qua
991 2541 1262 2605 dicitur:
1310 2540 1621 2604 Potentes
1649 2545 1953 2623 potenter
1980 2542 2307 2602 tormenta
2334 2536 2500 2621 pati-

588 2653 802 2725 entur,
834 2652 900 2710 et
929 2642 1303 2709 fortioribus
1331 2642 1560 2707 fortior
1585 2641 1790 2705 instat
1820 2640 2160 2704 cruciatus.
2221 2641 2310 2704 Et
2338 2639 2503 2703 illud

4 2651 9 2878 Ι
587 2749 985 2814 Psahnistae:
1033 2746 1336 2811 Terribili
1369 2751 1435 2810 et
1465 2746 1526 2809 ei
1556 2745 1667 2829 qui
1697 2744 1909 2810 aufert
1939 2745 2238 2828 spiritum
2265 2744 2501 2829 princi-

587 2874 767 2937 pum,
797 2850 1071 2915 terribili
1101 2849 1271 2934 apud
1302 2870 1486 2932 reges
1515 2854 1727 2913 terrae.
1817 2848 2241 2932 Divulgatur'n
2279 2854 2377 2913 est
2419 2848 2500 2912 ab

590 2953 838 3018 oriente
888 2973 1095 3037 usque
1145 2953 1217 3016 in
1268 2951 1691 3031 occidentem,
1740 2951 1912 3034 quod
1971 2952 2267 3016 ecclesias
2316 2951 2503 3034 regni

3 2971 11 3248 r
589 3049 786 3124 vestri
814 3056 1308 3121 intolerabiliter
1336 3056 1638 3139 affligitis,
1669 3061 1736 3121 et
1767 3056 2022 3140 exigitis
2062 3056 2144 3121 ab
2185 3057 2277 3121 eis
2314 3056 2500 3121 inau-

591 3158 729 3224 dita
765 3158 1063 3243 quaedam
1106 3165 1173 3224 et
1215 3159 1619 3238 inconsueta,
1652 3180 1794 3242 quae
1824 3160 1879 3223 si
1910 3160 2297 3244 quaesierint,
2330 3177 2502 3243 quae-

590 3279 732 3326 rere
784 3268 1007 3325 tamen
1057 3281 1194 3325 non
1229 3251 1637 3326 debuissent-
1673 3262 1925 3345 antiqui
1982 3272 2187 3346 regeS.
2278 3264 2503 3328 Potest

592 3372 814 3429 autem
856 3364 1018 3443 fieri,
1049 3369 1126 3427 ut
1167 3363 1240 3427 in
1282 3351 1572 3446 tempore
1616 3369 1848 3443 vestro,
1881 3365 2185 3447 quoniam
2226 3365 2505 3429 multam

592 3467 871 3533 contulit
929 3466 1106 3531 vobis
1164 3467 1345 3531 Deus
1398 3467 1801 3551 sapientiam,
1854 3473 2041 3533 tanta
2091 3468 2349 3533 afflictio
2398 3475 2503 3534 ut-

589 3591 868 3655 cumque
914 3570 1178 3634 tolerari
1222 3560 1445 3654 possit,
1494 3560 1609 3634 sed
1656 3570 1933 3636 forsitan·
1980 3578 2125 3655 post
2172 3559 2504 3637 decessum

588 3680 877 3739 vestrum
920 3673 1083 3737 tales
1127 3673 1465 3756 regnaturi
1510 3680 1685 3753 sunt,
1718 3674 1830 3758 qui
1869 3662 2267 3739 devorabunt
2305 3676 2503 3740 eccle-

592 3777 754 3841 siam
810 3783 953 3843 toto
1004 3798 1135 3856 ore,
1185 3783 1250 3841 et
1307 3776 1599 3841 indurati
1658 3798 1809 3842 cum
1858 3777 2197 3843 Pharaone
2244 3778 2462 3845 dicent
2483 3804 2503 3845 t

591 3880 831 3944 Nescio
861 3881 1237 3959 Dominum,
1269 3886 1336 3945 et
1366 3880 1573 3945 Israel
1619 3901 1756 3945 non
1794 3879 2139 3946 dimittam.
2231 3882 2504 3963 Parcite,

3 3783 19 4094 ,
595 4000 985 4065 quaesumus,
1037 3981 1280 4065 parcite
1329 3979 1636 4065 dignitati
1683 3986 1929 4059 vestrae,
1979 3981 2224 4066 parcite
2273 3981 2505 4046 nobili-

592 4084 737 4162 tati,
767 4083 1011 4167 parcite
1041 4083 1283 4166 generi,
1312 4083 1558 4168 parcite
1588 4090 1655 4147 et
1684 4081 1931 4148 famoso
1959 4083 2213 4147 nomini
2251 4090 2500 4162 vestr03

595 4192 663 4251 et
708 4186 820 4270 qui
862 4185 1092 4270 plenus
1138 4206 1213 4250 ac
1255 4185 1743 4270 potentissimus
1782 4185 1958 4265 estis,
2005 4184 2282 4250 formam
2330 4205 2505 4249 com-

596 4288 939 4374 pressionis
1010 4287 1250 4352 futuris
1320 4309 1456 4353 non
1530 4287 1893 4353 dimittatis.
2013 4288 2367 4353 Moerorem
2439 4295 2507 4354 et

598 4413 956 4457 aerumnam
1000 4399 1241 4456 sanctae
1285 4392 1582 4472 ecclesiae,
1616 4413 1760 4476 quae
1796 4391 1929 4457 fere
1969 4390 2210 4474 ubique
2248 4393 2509 4457 concula

599 4503 802 4575 catur,
834 4496 1138 4561 clementi
1182 4495 1368 4561 oculo
1410 4495 1726 4580 respicite,
1758 4502 1825 4561 et
1867 4494 2047 4579 regia
2075 4496 2509 4564 consolatione
