3200 5392
710 770 799 834 ⁷0
1358 785 1755 831 Anxanum
1792 786 1977 833 rArAE

708 922 836 984 quo
874 900 1049 967 idem
1085 921 1196 966 rex
1238 901 1567 966 servitium
1613 900 1814 984 ipsius
1857 906 1922 965 et
1966 899 2391 979 affectionem,
2421 921 2616 983 quam

711 1005 885 1069 circa
912 1024 1062 1068 eum
1092 1003 1533 1087 multipliciter
1569 1002 1735 1085 gerit
1776 1010 1841 1067 et
1873 1002 2216 1087 justitiam,
2248 1024 2392 1086 quae
2420 1011 2518 1067 est
2545 1002 2618 1065 in

713 1128 926 1186 causa,
958 1106 1042 1173 ad
1069 1112 1355 1172 mentem
1387 1106 1731 1171 studiosius
1759 1104 2099 1185 revocabit,
2132 1107 2404 1188 gratiam
2435 1128 2617 1169 suam

711 1218 778 1273 et
825 1210 1060 1274 amoris
1099 1209 1574 1293 plenitudinem
1620 1208 1828 1273 eidem
1875 1208 2193 1286 restituet,
2241 1217 2307 1272 et
2354 1208 2621 1272 ecclesia

715 1317 930 1376 vestra
966 1313 1118 1396 jura
1167 1318 1234 1375 et
1287 1310 1637 1393 dignitates
1684 1333 1757 1376 ac
1802 1311 2131 1375 libertates
2176 1333 2323 1374 suas
2368 1311 2621 1390 integre

713 1414 1054 1479 obtinebit.
1106 1415 1242 1478 Vos
1274 1435 1530 1497 quoque
1561 1415 1642 1479 ab
1675 1415 2137 1499 Omnipotente
2169 1414 2450 1478 Domino
2480 1414 2619 1497 dig-

716 1536 878 1580 num
929 1515 1161 1580 exinde
1211 1516 1549 1599 praemium
1603 1524 1669 1581 et
1719 1516 2082 1600 apostolicae
2131 1516 2299 1581 sedis
2346 1515 2621 1597 gratiam

719 1639 972 1702 semper
1008 1618 1328 1683 habebitis
1358 1619 1733 1702 pleniorem.
1822 1621 1963 1687 Nos
1991 1620 2189 1685 etiam
2218 1619 2300 1683 ob
2330 1619 2525 1682 fidem
2554 1624 2621 1682 et

718 1722 1124 1787 devotionem
1155 1744 1347 1807 quam
1389 1723 1448 1786 ei
1487 1722 1749 1786 servatis
1782 1724 1934 1807 jura
1970 1730 2037 1787 et
2078 1722 2424 1806 dignitates
2453 1724 2622 1807 ejus-

722 1825 869 1888 dem
914 1824 1196 1889 ecclesiae
1238 1832 1485 1904 vestrae,
1524 1832 1843 1910 quantum
1888 1846 2036 1888 cum
2082 1826 2222 1889 Deo
2266 1832 2332 1889 et
2369 1823 2626 1909 justitia

719 1928 1093 2010 poterimus,
1142 1928 1424 2012 prompti
1467 1928 1704 1992 erimus
1749 1928 1928 1992 omni
1974 1935 2263 2012 tempore
2310 1927 2625 1992 efficacius

718 2051 1108 2113 promovere.
1199 2029 1354 2094 Dat.
1393 2031 1631 2095 Senon.
1668 2032 1872 2097 XVII
1902 2033 2020 2096 cal.
2054 2031 2367 2109 Januarii.

721 2396 1161 2489 EPISTOLA
1215 2396 2100 2460 CCCXLV111.—nsusnm
2135 2416 2225 2458 An
2258 2416 2622 2458 mmmmm

1057 2518 1637 2560 cANwAnmNsnM
1671 2517 2295 2561 Ancnmrlscorum.

809 2648 918 2711 An
967 2667 1152 2713 aures
1203 2654 1456 2712 nostras
1501 2648 1753 2713 noveris
1803 2649 2184 2731 pervenisse,
2237 2647 2411 2731 quod
2455 2653 2631 2711 terra

721 2748 953 2814 nobilis
980 2749 1100 2814 viri
1133 2748 1433 2830 Hugonis
1477 2751 1750 2829 comitiS,
1781 2773 1899 2835 pro
1937 2751 2179 2836 injuria
2216 2773 2411 2834 quam
2453 2751 2628 2814 idem

724 2873 936 2919 comes
976 2852 1300 2917 canonicis
1342 2853 1422 2917 de
1452 2854 1810 2921 Panteneia
1847 2855 2177 2933 intulerat,
2209 2854 2290 2918 de
2319 2854 2628 2919 mandato

723 2962 947 3019 nostro
968 2955 1195 3021 fuisset
1217 2955 1564 3021 interdicto
1586 2958 1950 3040 supposita,
1980 2964 2221 3037 tamen,
2242 2957 2393 3041 quia
2414 2956 2628 3021 clerici

728 3057 810 3123 de
866 3064 1041 3123 terra
1098 3058 1238 3141 ipsa
1295 3058 1512 3125 divina
1569 3060 1777 3127 officia
1832 3059 2250 3127 nihilominus
2307 3058 2631 3124 celebrare

728 3168 1314 3245 praesumpserunt,
1360 3182 1399 3225 a
1456 3161 1650 3228 beato
1719 3163 1968 3233 Thoma
2034 3170 2317 3247 martyre
2376 3161 2633 3227 vinculo

726 3263 972 3331 fuerint
999 3265 1683 3331 excommunicationis
1712 3266 2021 3331 adstricti.
2084 3265 2431 3331 Postmodo
2459 3285 2629 3343 vero,

729 3388 933 3452 quum
990 3365 1165 3433 idem
1222 3374 1470 3450 martyr
1525 3375 1955 3435 reverteretur
2005 3366 2086 3430 ab
2145 3367 2351 3445 exilio,
2399 3366 2629 3435 iisdem.

729 3469 972 3533 clericis
1015 3467 1489 3533 absolutionem
1531 3469 1921 3551 petentibus,
1959 3469 2287 3534 mandavit
2327 3491 2366 3536 a
2401 3469 2634 3537 divinis

729 3567 1053 3633 abstinere
1097 3568 1338 3646 officiis,
1377 3576 1454 3632 ut
1499 3590 1691 3652 super
1729 3591 1952 3643 eorum
1991 3573 2491 3657 praesumptione
2532 3573 2632 3639 in·

729 3669 921 3733 terim
964 3689 1083 3735 nos
1122 3671 1503 3751 consuleret,
1534 3673 1649 3737 sed
1685 3675 1877 3758 paulo
1912 3683 2058 3759 post
2097 3677 2323 3741 eodem
2352 3684 2636 3761 martyre

729 3793 845 3855 per
886 3772 1269 3855 martyrium
1314 3775 1396 3838 ad
1440 3777 1676 3842 coelum
1718 3779 2060 3862 migrante,
2100 3781 2353 3865 praefati
2400 3782 2634 3860 clerici,

734 3873 901 3937 sicut
959 3874 1135 3956 prius
1185 3877 1490 3957 fecerant,
1544 3901 1679 3946 non
1726 3869 1879 3949 sunt
1928 3885 2116 3950 veriti
2167 3885 2383 3952 divina
2431 3885 2637 3949 officia

733 3975 1072 4041 celebrare.
1164 3979 1490 4049 Quoniam
1528 3982 1730 4066 igitur
1758 3988 2087 4053 temeritas
2127 3994 2192 4052 et
2222 3987 2638 4071 praesumptio

732 4079 1018 4162 ipsorum
1077 4081 1454 4148 clericorum
1513 4107 1649 4151 non
1699 4086 1892 4152 debet
1940 4087 2297 4155 incorrecta
2352 4111 2636 4169 manere,

731 4181 1123 4248 fraternitati
1172 4189 1304 4249 tuae
1360 4207 1476 4267 per
1527 4188 1877 4272 apostolica
1927 4189 2165 4272 scripta
2207 4190 2636 4274 praecipiendo

732 4287 1136 4365 mandamus,
1188 4289 1509 4370 quatinus,
1558 4291 1614 4355 si
1666 4312 1767 4357 res
1813 4291 1907 4355 ita
1956 4314 2024 4357 se
2077 4292 2294 4372 habet,
2338 4294 2640 4377 praefatos

736 4387 1001 4455 clericos
1041 4412 1156 4477 pro
1191 4397 1393 4457 tantae
1429 4393 1949 4477 praesumptionis
1990 4415 2250 4477 egressu
2297 4395 2377 4461 ab
2422 4394 2642 4460 officiis
