3200 5392
634 901 769 946 A.n.
806 880 1197 965 1161—89.]
1301 900 1636 944 nmsromn
1668 900 1992 951 QUAEDAM.
2409 882 2536 944 235

633 1010 825 1074 detur
854 1017 1073 1074 autem
1103 1008 1272 1093 quod
1303 1008 1600 1073 dominus
1633 1007 2116 1073 cantuariensis
2151 1027 2287 1072 non
2315 1006 2536 1070 minus

630 1114 832 1198 possit
873 1112 975 1177 vel
1021 1112 1251 1177 debeat
1299 1134 1338 1177 a
1382 1133 1534 1195 rege
1581 1111 1838 1195 Angliae
1883 1111 2155 1193 exigere,
2201 1109 2537 1193 presertim

634 1236 783 1279 cum
823 1213 1121 1277 dominus
1159 1232 1270 1275 rex
1304 1211 1518 1294 palam
1554 1210 1804 1287 dixerit,
1845 1209 2052 1273 eidem
2085 1208 2536 1273 cantuariensi

632 1314 918 1399 plenarie
952 1313 1227 1396 gratiam
1255 1312 1523 1375 minime
1551 1312 1827 1388 restitui,
1852 1332 1973 1376 nec
2006 1302 2072 1376 se
2103 1313 2316 1396 aliquo
2346 1311 2538 1375 modo

631 1419 785 1482 huic
823 1415 1268 1501 compositioni
1309 1415 1639 1492 interesse,
1675 1414 1801 1478 nisi
1846 1416 2064 1479 osculo
2108 1416 2280 1500 pacis
2323 1416 2538 1479 firma-

628 1526 828 1586 retur.

716 1838 1161 1904 EPISTOLA
1205 1835 1998 1904 CCCCLXI.—musnnm
2025 1856 2120 1904 An
2150 1855 2451 1905 EUNDEM.

727 1989 1089 2051 Aleoeandro
1106 2009 1294 2068 papae
1322 1989 1676 2051 Mauricius
1704 1990 2085 2053 Parisiensis
2113 1992 2447 2072 episcopm.
2538 1977 2542 1981 ⁴

726 2138 943 2201 PAmr
997 2146 1063 2201 et
1117 2137 1230 2200 alit
1284 2137 1501 2220 culpas
1547 2136 1814 2201 licentia
1863 2137 2296 2220 delinquendi,
2356 2145 2421 2201 et
2470 2138 2543 2201 in

632 2247 985 2323 augmenta
1020 2240 1379 2305 facinorum
1422 2239 1770 2323 prosilitur,
1803 2241 1959 2304 dum
1996 2261 2218 2304 secura
2259 2241 2540 2323 impuni-

627 2349 765 2407 tate
815 2349 1135 2426 peccatur.
1225 2342 1453 2406 Latuit
1497 2341 1873 2426 aliquandiu
1917 2342 2386 2406 Londoniensis
2430 2342 2538 2406 ille

631 2447 983 2530 episcopus,
1012 2465 1099 2511 ne
1143 2445 1354 2508 dicam
1396 2444 1587 2528 lupus
1633 2444 2046 2508 anti-christi
2087 2444 2538 2528 praeambulus,

629 2549 699 2612 in
727 2548 1003 2632 pellibus
1032 2547 1307 2630 agninis.
1395 2547 1485 2610 Et
1515 2546 1668 2632 quia
1705 2547 1775 2610 in
1812 2547 2020 2631 prima
2050 2547 2540 2630 depopulatione

632 2651 811 2715 ovilis
844 2650 1086 2714 Christi
1115 2671 1265 2713 cum
1299 2648 1587 2733 principe
1633 2672 1769 2728 suo,
1801 2651 1984 2733 cujus
2013 2650 2254 2713 viribus
2299 2650 2538 2714 abusus

633 2759 751 2831 est,
792 2774 926 2816 non
975 2759 1073 2815 est
1125 2754 1264 2836 ejus
1314 2774 1600 2836 repressa
1648 2754 1915 2831 malitia,
1963 2775 2140 2817 nunc
2197 2753 2541 2836 impatiens

633 2855 985 2937 disciplinae
1013 2854 1337 2918 unitatem
1367 2855 1649 2919 eeclesiae
1679 2856 2056 2938 Anglicanae
2086 2855 2373 2920 scindere
2402 2877 2539 2918 ma-

630 2956 951 3020 chinatur.
1040 2956 1138 3019 Ex
1184 2977 1312 3038 quo
1356 2957 1531 3019 enim
1576 2957 1782 3039 culpis
1826 2956 2234 3039 exigentibus
2282 2955 2541 3021 Satanae

630 3058 906 3122 traditus
936 3064 1033 3121 est
1071 3058 1141 3120 in
1169 3057 1507 3120 interitum
1537 3058 1767 3136 carnis,
1799 3058 2146 3122 discordias
2177 3059 2536 3137 seminavit,

633 3161 865 3245 sparsit
910 3159 1228 3237 scandala,
1276 3159 1578 3222 scissuras
1624 3168 1690 3222 et
1742 3161 2087 3224 seditiones
2130 3162 2537 3225 machinatus

632 3270 751 3341 est,
784 3269 850 3326 et
892 3268 1193 3345 patenter
1226 3262 1511 3324 exercuit
1552 3282 1765 3345 opera,
1797 3284 1939 3344 quae
1979 3264 2226 3326 solutus
2265 3263 2540 3327 Satanas

628 3365 828 3430 videri
878 3363 1110 3427 debeat
1161 3383 1473 3427 exercere.
1563 3364 1853 3428 conatus
1912 3371 2012 3428 est
2068 3385 2184 3448 per
2241 3364 2538 3429 officiales

626 3466 797 3551 regis
848 3465 1175 3549 episcopos
1224 3464 1550 3544 inducere,
1603 3472 1681 3529 ut
1732 3465 1792 3530 ei
1850 3467 2419 3546 communicarent,
2473 3474 2538 3532 et

627 3569 887 3636 domino
936 3566 1408 3645 Cantuariensi,
1458 3568 1571 3651 qui
1616 3575 1809 3632 aetate
1859 3576 2082 3633 nostra
2129 3570 2203 3633 in
2247 3570 2539 3654 partibus

628 3670 1129 3739 occidentalibus
1188 3692 1256 3734 se
1322 3672 1752 3736 confessorem
1809 3673 2095 3736 veritatis
2161 3680 2225 3736 et
2282 3673 2538 3738 virtutis

630 3780 952 3862 exemplar
996 3778 1347 3861 proposuit,
1386 3775 1822 3841 obedientiam
1860 3776 2359 3841 subtraherent.‘
2409 3777 2537 3842 Sed

632 3880 711 3958 ei,
749 3881 893 3943 Deo
935 3879 1310 3962 inspirante,
1349 3878 1656 3962 praecipui
1701 3901 1921 3943 eorum
1966 3879 2038 3943 in
2080 3880 2309 3943 faciem
2350 3881 2535 3944 resti-

630 3988 874 4059 terunt,
934 4000 1011 4044 eo
1070 3980 1241 4064 quod
1299 3986 1437 4044 erat
1504 3981 2042 4064 reprehensibilis·
2141 3982 2226 4046 In
2283 3988 2537 4047 tantam

631 4103 787 4165 ergo
841 4080 1114 4165 prosiliit
1168 4081 1659 4165 impudentiam,
1720 4090 1797 4147 ut
1853 4083 2109 4167 publice
2168 4083 2409 4148 diceret
2469 4106 2538 4149 se

632 4182 1087 4249 cantuariensi
1143 4184 1420 4247 ecclesiae
1477 4184 1910 4249 obedientiam
1962 4206 2098 4250 non
2155 4184 2407 4264 debere,
2461 4208 2537 4252 eo

632 4286 805 4373 quod
837 4291 1179 4371 postquam
1214 4285 1296 4349 ad
1340 4285 1672 4351 ecclesiam
1700 4287 2220 4353 Londoniensem
2263 4289 2537 4354 transla-

629 4400 739 4458 tus
768 4397 887 4469 est,
916 4389 1166 4453 nullam
1195 4388 1255 4453 ei
1293 4388 1376 4454 de
1405 4390 1769 4456 exhibenda
1797 4392 2163 4457 obedientia
2195 4392 2348 4456 fecit
2390 4415 2534 4477 pro-

630 4493 992 4559 sessionem.
1082 4493 1298 4556 Ausus
1358 4499 1457 4556 est
1516 4493 1711 4561 etiam
1772 4495 2048 4576 gloriari,
2104 4496 2272 4579 quod
2333 4497 2534 4560 archi-
