3200 5392
704 737 836 801 298
1354 750 1646 795 numum
1682 750 1739 793 11
1775 748 1967 792 amus

701 873 880 937 illam
932 871 1256 956 aequitatis
1314 870 1444 934 fine
1501 867 1982 934 concluderent.
2071 865 2605 951 Archiepiscopus

703 974 1207 1052 Cantuariensis,
1238 973 1405 1037 sicut
1448 971 1533 1036 ad
1574 969 1952 1056 remotiores
1982 969 2213 1033 finium
2240 977 2608 1034 nostrorum

701 1082 917 1160 partes
954 1074 1129 1138 fama
1166 1073 1519 1137 discurrere
1565 1071 1971 1154 divulgatum
2010 1078 2126 1149 est,
2169 1072 2309 1136 sine
2348 1094 2494 1137 mea
2530 1073 2606 1136 li-

703 1178 917 1243 centia
946 1184 1013 1242 et
1043 1176 1436 1243 conscientia
1464 1175 1657 1240 exivit
1687 1175 1768 1239 ab
1800 1174 2058 1257 Anglia,
2091 1181 2157 1240 et
2186 1183 2331 1259 post
2362 1176 2608 1240 exitum

705 1281 844 1366 ejus
882 1301 988 1343 me
1029 1279 1200 1363 apud
1239 1278 1567 1361 religiosos
1606 1278 1772 1341 viros
1811 1277 2209 1341 crudelitatis
2252 1278 2606 1342 notabilem

704 1383 928 1448 haberi
978 1382 1199 1459 voluit,
1245 1381 1317 1444 in
1362 1402 1467 1445 me
1513 1387 1662 1445 vota
1711 1380 2075 1464 principum
2121 1387 2189 1445 et
2235 1381 2608 1446 clericorum

710 1504 1075 1568 provocans,
1107 1489 1173 1546 et
1218 1482 1438 1546 odium
1483 1483 1777 1565 gentium
1822 1490 2203 1546 exterarum.
2294 1484 2421 1546 Pro
2449 1483 2609 1566 peti-

707 1587 886 1651 tione
928 1592 1171 1664 tamen,
1218 1591 1285 1649 et
1331 1584 1707 1663 reverentia,
1754 1591 1820 1649 et
1865 1606 2081 1649 amore
2124 1583 2365 1648 domini
2406 1605 2609 1668 papae,

709 1689 860 1753 licet
901 1687 1063 1751 mihi
1108 1686 1551 1769 gravissimum
1596 1693 1784 1763 esset,
1830 1694 1896 1751 et
1940 1687 2256 1752 voluntati
2295 1708 2458 1751 meae
2502 1687 2632 1750 ad·-

712 1790 977 1854 modum
1006 1811 1395 1874 repugnans,
1427 1796 1493 1853 et
1531 1789 1693 1853 mihi
1721 1790 2243 1854 molestissimum
2271 1789 2613 1868 videretur,

713 1892 994 1958 concedo
1023 1892 1192 1976 quod
1236 1892 1373 1975 ipse
1416 1891 1637 1956 redeat
1680 1892 1750 1956 in
1779 1893 2108 1976 Angliam,
2140 1898 2206 1958 et
2243 1892 2481 1957 habeat
2520 1914 2618 1957 ar-

713 1995 1253 2079 chiepiscopatum
1303 2016 1494 2057 suum
1541 2015 1692 2058 cum
1739 2016 1817 2059 ea
1859 1995 2256 2079 integritate,
2296 2016 2447 2059 cum
2492 2003 2619 2079 qua

714 2098 901 2161 illum
941 2096 1191 2174 habuit,
1223 2096 1483 2180 quando
1520 2096 1707 2160 illum
1750 2097 1994 2161 dimisit
2019 2122 2044 2160 ε.
2080 2104 2147 2161 et
2186 2097 2287 2160 sui
2329 2097 2622 2161 similiter

718 2222 837 2265 sua
864 2199 1166 2263 habeant.
1257 2200 1346 2262 Et
1385 2199 1522 2282 ipse
1564 2205 1633 2263 et
1672 2199 1773 2263 sui
1809 2221 2031 2282 pacem
2061 2198 2345 2264 habeant
2385 2200 2469 2264 ad
2507 2200 2620 2264 hm

718 2324 942 2367 norem
995 2302 1121 2366 Dei
1169 2308 1236 2366 et
1288 2302 1435 2379 mei,
1488 2301 1692 2365 Salvis
1742 2300 2169 2385 dignitatibus
2227 2303 2422 2385 regni·
2471 2303 2620 2367 mei.

723 2404 915 2470 Quod
973 2412 1192 2469 autem
1249 2404 1503 2469 brevius
1560 2404 1739 2468 vobis
1814 2405 1894 2469 de
1965 2406 2269 2488 praesenti
2341 2406 2622 2488 negotio,

721 2528 916 2591 quam
961 2506 1330 2584 solenniter,
1378 2506 1614 2589 quibus
1664 2508 2087 2590 praesentibus
2132 2515 2347 2572 actum
2396 2509 2500 2586 sit,
2546 2529 2626 2571 ex

720 2608 924 2673 literis
984 2607 1175 2671 datur
1231 2608 1526 2691 intelligi,
1578 2608 1758 2674 vobis
1818 2610 2188 2692 diligentius
2248 2616 2315 2674 et
2372 2609 2624 2691 plenius

722 2710 1122 2774 intimabunt
1180 2711 1575 2775 venerabiles
1625 2711 1856 2775 fratres
1908 2711 2101 2778 vestri
2154 2711 2267 2795 qui
2316 2712 2626 2778 aderant:

723 2813 925 2877 frater
972 2812 1338 2878 Gaufredus
1383 2813 1465 2877 de
1506 2812 1916 2891 Altisiodoro,
1961 2813 2159 2884 abbas
2210 2815 2290 2879 de
2333 2815 2629 2880 Mortuo·

727 2916 922 2995 Mari,
955 2915 1152 2980 abbas
1192 2916 1273 2980 de
1312 2917 1544 2994 Bellet,
1575 2916 1774 2981 abbas
1814 2916 1895 2982 de
1938 2917 2241 2995 Rievalle,
2274 2917 2524 3001 quibus,
2553 2924 2632 2981 ut

731 3018 934 3097 decet,
986 3018 1182 3083 fidem
1232 3018 1571 3083 habebitis.
1664 3019 2089 3090 Universitati
2140 3027 2358 3088 autem
2408 3026 2635 3088 vestrae

728 3121 1091 3185 dissuasum
1136 3143 1273 3187 esse
1318 3122 1629 3201 desidem,
1674 3143 1760 3186 ne
1804 3122 1885 3186 de
1928 3129 2159 3190 caetero
2202 3131 2340 3190 tam
2382 3124 2634 3190 facilem

731 3223 1088 3289 adhibeatis
1154 3224 1621 3302 credulitatem,
1683 3225 1738 3288 si
1796 3224 1940 3307 quis
1995 3226 2067 3288 in
2124 3225 2472 3308 perniciem
2530 3241 2635 3290 me

735 3328 814 3392 de
860 3349 968 3392 me
1012 3327 1190 3392 vobis
1234 3327 1493 3392 sinistra
1535 3328 1880 3411 praedicare
1925 3335 2014 3392 etx
2037 3328 2417 3411 persuadere
2460 3330 2635 3393 volu-

734 3431 878 3496 erit.
969 3432 1292 3496 Praeterea
1343 3431 1673 3496 dilectioni
1721 3439 1950 3498 vestrae
1997 3439 2211 3513 grates
2252 3432 2481 3498 uberes
2527 3453 2636 3495 ex-

737 3533 929 3613 solvo,
963 3534 1136 3617 quod
1165 3534 1248 3598 ad
1276 3534 1660 3617 petitionem
1700 3555 1913 3599 meam
1941 3534 2205 3600 fratrem
2240 3532 2641 3600 Gaui-{redum

738 3636 898 3699 mihi
928 3636 1210 3701 misistis.
1300 3638 1387 3701 Et
1432 3658 1614 3714 nunc
1649 3638 1888 3702 iterum
1918 3637 2258 3720 diligenter
2285 3641 2458 3718 pete,
2486 3656 2641 3718 qua-

739 3745 932 3800 tenus
973 3738 1257 3802 eundem
1285 3760 1480 3822 quam
1514 3740 1711 3803 'citius
1752 3739 1915 3803 mihi
1952 3739 2313 3806 remittatis.
2402 3738 2645 3802 Neces-

743 3837 975 3901 sariam
1006 3839 1177 3901 euim
1218 3838 1380 3903 mihi
1420 3841 1476 3924 ej
1484 3862 1560 3906 us
1598 3841 1892 3925 intelligo
1924 3842 2372 3910 discretionem
2402 3847 2471 3906 et
2498 3862 2649 3926 prm

745 3938 1052 4020 dentiam,
1083 3948 1161 4005 ut
1205 3939 1367 4006 mihi
1409 3964 1690 4026 praesens
1719 3943 1924 4023 adsit,
1960 3951 2028 4009 et
2061 3945 2466 4028 ‚aliquamdiu
2495 3963 2650 4028 -proe

744 4044 988 4127 pinqua
1021 4042 1184 4110 mihi
1213 4045 1351 4129 ejus
1383 4047 1466 4112 sit
1496 4048 1913 4116 conversatio.
2002 4048 2195 4114 Teste
2228 4049 2309 4120 G.
2339 4047 2654 4116 archidia-
2748 4080 2755 4086 ·

747 4168 910 4213 cono
940 4148 1112 4234 apud
1142 4150 1416 4215 Eurum.
1512 4171 1517 4178 ⁴
