3200 5392
715 727 846 791 256
1429 743 1917 789 nr1scoromm·

715 882 913 928 onum
952 861 1161 945 gratia
1190 860 1534 925 divertetis.
1627 860 1814 924 Circa
1853 859 1990 924 haec
2028 859 2308 945 plurima
2345 860 2619 944 allegare

714 986 987 1048 possem,
1019 964 1143 1028 nisi
1173 964 1323 1048 quia
1362 963 1443 1027 ad
1482 972 1714 1027 caetera
1751 963 2006 1027 festino.
2100 962 2441 1028 Quantum
2479 986 2618 1046 per-
2706 972 2712 975 ’

714 1067 996 1151 pendere
1037 1089 1316 1151 possum,
1349 1065 1419 1129 hi
1459 1065 1570 1148 qui
1612 1066 1691 1129 de
1729 1086 1886 1149 pace
1928 1070 2137 1129 vestra
2174 1073 2459 1129 tractant
2496 1066 2618 1130 hoc

716 1170 925 1235 solum
952 1170 1162 1254 prima
1189 1169 1403 1233 fronte
1431 1169 1807 1252 loquuntur,
1839 1168 2144 1249 quatinus
2189 1189 2337 1231 cum
2382 1169 2616 1233 securi·-

713 1279 851 1338 tate
900 1281 966 1337 et
1016 1293 1173 1356 pace
1224 1272 1309 1336 ad
1358 1270 1690 1336 ecclesiam
1742 1277 2017 1334 vestram
2076 1271 2284 1334 redire
2342 1271 2614 1354 possitis·

715 1376 818 1441 De
863 1376 1052 1440 modo
1097 1382 1163 1440 et
1205 1375 1412 1439 forma
1456 1374 1698 1437 reditus
1735 1373 1929 1437 vestri
1973 1393 2165 1437 nemo
2210 1374 2362 1455 agit.
2454 1372 2613 1437 Ubi-

713 1500 869 1542 nam
899 1499 1113 1560 quaeso
1153 1484 1219 1541 et
1261 1475 1518 1560 quando
1554 1476 1694 1540 haec
1725 1474 2199 1538 discutientur?
2288 1476 2399 1538 An
2439 1480 2613 1556 post-

716 1602 908 1663 quam
951 1579 1022 1643 in
1063 1578 1371 1661 Angliam
1415 1577 1733 1641 redieritis
1750 1579 1779 1639 Ρ
1871 1576 2008 1641 Ubi
2052 1576 2288 1642 scilicet
2330 1597 2450 1640 nec
2493 1575 2611 1638 im-

713 1682 994 1766 peratrix
1044 1702 1165 1745 nec
1217 1700 1429 1744 comes
1481 1679 1801 1743 Flandriae
1850 1686 2198 1773 praesentes
2249 1699 2383 1742 esse
2434 1685 2611 1761 pote-

712 1796 889 1867 runt,
921 1789 1093 1853 solus
1120 1787 1392 1853 forsitan
1423 1787 1961 1869 Rothomagensis
2004 1787 2088 1851 ad
2125 1787 2193 1850 id
2231 1807 2611 1870 prosequen-

715 1892 872 1956 dum
910 1891 1142 1956 veniet.
1231 1890 1458 1955 Nostis
1489 1890 1810 1972 quomodo
1846 1889 1938 1954 ibi
1978 1911 2201 1954 omnes
2241 1912 2318 1953 ea
2354 1896 2613 1954 tantum

712 1995 1087 2078 loquuntur,
1149 2014 1295 2077 quae
1351 1992 1490 2074 regi
1546 1992 1864 2075 placitura
1921 1991 2309 2056 existiment.
2425 1993 2614 2057 Certe

715 2117 934 2162 vereor
979 2116 1063 2159 ne
1111 2096 1230 2160 sub
1277 2115 1663 2179 quocunque
1703 2094 1973 2176 justitiae
2018 2101 2356 2177 praetextu,
2404 2095 2614 2159 denuo

712 2221 823 2264 vos
882 2199 1139 2263 exulare
1198 2202 1541 2283 oporteret,
1590 2203 1657 2261 et
1708 2197 1936 2259 fierent
1995 2196 2341 2260 novissima
2398 2198 2615 2281 pejora

710 2301 1047 2387 prioribus,
1079 2300 1379 2365 omnibus
1424 2306 1651 2363 contra
1692 2320 1802 2362 vos
1845 2306 1988 2362 tum
2031 2299 2103 2361 in
2149 2300 2327 2364 curia
2371 2300 2615 2364 domini

711 2426 915 2488 papae,
961 2411 1105 2467 tum
1147 2403 1218 2465 in
1261 2402 1602 2485 praesentia
1644 2402 1812 2484 regis
1857 2403 2265 2480 Francorum,
2310 2408 2375 2466 et
2418 2402 2611 2466 verbo

712 2511 781 2570 et
839 2505 1076 2588 scripto
1134 2504 1613 2568 attestantibus.
1723 2505 1939 2568 Nemo
1996 2504 2197 2586 igitur
2252 2503 2372 2567 hoc
2430 2505 2609 2569 vobis

710 2608 1110 2692 persuadeat,
1162 2629 1248 2670 ne
1294 2607 1460 2670 forte
1512 2607 1638 2671 nisi
1685 2608 1806 2671 sub
1857 2615 2033 2672 certa
2079 2615 2144 2673 et
2188 2608 2446 2691 penitus
2497 2610 2610 2673 eli—

712 2718 889 2775 mata
915 2711 1122 2775 forma
1149 2710 1357 2773 redire
1396 2710 1684 2788 tentetiS,
1725 2710 1852 2773 nisi
1888 2711 2107 2774 omnia
2146 2712 2229 2774 ad
2268 2733 2377 2775 vos
2417 2712 2610 2796 perti-

710 2814 935 2878 nentia
970 2814 1042 2877 in
1080 2812 1250 2896 regis
1287 2813 1627 2876 arbitrium
1658 2814 1946 2876 conferre
1977 2814 2201 2891 velitis,
2235 2815 2406 2897 quod
2436 2814 2610 2878 vobis

709 2917 1091 3001 persuadere
1119 2938 1254 2980 non
1287 2917 1579 2981 audeam.
1673 2915 1868 2981 Quod
1905 2917 1959 2978 si
1993 2916 2120 2979 ista
2149 2923 2303 2980 ante
2330 2917 2609 2981 reditum

709 3026 995 3083 vestrum
1034 3018 1361 3102 procurari
1389 3018 1648 3096 debent,
1680 3019 1865 3100 cujus
1892 3018 2232 3100 diligentia
2260 3028 2456 3103 atque
2486 3021 2609 3083 dis-

711 3139 903 3182 cursu
961 3117 1160 3180 animi
1217 3117 1410 3181 vestri
1467 3118 1540 3181 in
1597 3138 1804 3180 unum
1862 3124 2170 3199 poterunt
2228 3139 2610 3183 consensum

710 3220 900 3298 trahi,
933 3221 1089 3284 dum
1127 3221 1263 3303 ipse
1291 3220 1363 3283 in
1393 3220 1635 3302 Anglia
1674 3226 1822 3301 aget
1861 3226 1927 3283 et
1967 3242 2075 3284 vos
2115 3221 2187 3283 in
2232 3222 2612 3305 Burgundia

711 3323 1049 3387 exulabitis
1066 3324 1096 3385 Ῥ
1142 3323 1297 3386 anni
1343 3323 1536 3385 unius
1574 3322 1886 3386 revolutio
1926 3323 2078 3386 huic
2118 3323 2431 3387 discursui
2477 3345 2607 3387 non

712 3426 1048 3488 sufficeret.
1138 3424 1295 3487 Non
1324 3424 1507 3488 video
1538 3424 1856 3506 quomodo
1895 3423 2020 3487 ista
2057 3432 2230 3488 recte
2261 3423 2603 3487 discutian-

709 3535 840 3605 tur,
871 3527 997 3590 m'si
1023 3526 1208 3589 illum
1237 3527 1582 3590 necessitas
1623 3527 1838 3609 aliqua
1877 3526 1949 3589 in
1986 3537 2199 3609 partes
2238 3526 2606 3589 cismarinas

708 3630 997 3707 traxerit,
1030 3637 1144 3692 aut
1174 3651 1282 3692 vos
1313 3629 1395 3692 ad
1425 3630 1763 3712 angustius
1793 3651 1971 3693 mare
1999 3649 2214 3692 versus
2236 3628 2607 3692 Flandriam

712 3730 950 3794 scilicet
980 3730 1449 3794 descenderitis.

797 3832 1047 3895 Verum
1092 3839 1168 3895 ut
1216 3833 1297 3896 ad
1341 3832 1548 3915 ipsam
1592 3835 1858 3898 tandem
1899 3834 2071 3918 pacis
2114 3835 2387 3898 formam
2434 3835 2607 3899 veni-

711 3954 911 4012 amus,
959 3935 1090 3998 sive
1131 3956 1246 4019 per
1290 3957 1398 3999 vos
1441 3937 1631 4019 ipsos,
1678 3937 1807 4000 sive
1852 3959 1966 4021 per
2016 3939 2424 4023 interpositas
2467 3962 2608 4023 per-

711 4061 899 4105 sonas
927 4048 1275 4120 tractetur3
1322 4065 1400 4107 ex
1437 4042 1539 4106 his
1580 4064 1723 4126 quae
1761 4043 1945 4107 nobis
1983 4044 2402 4126 proposuistis
2442 4044 2609 4126 capi-

710 4145 885 4223 tulis,
916 4166 1037 4209 nec
1074 4146 1290 4209 omnia
1325 4167 1445 4211 nec
1474 4147 1656 4209 nulla
1684 4146 1872 4210 nobis
1902 4138 2263 4229 objicienda
2291 4147 2608 4210 videntur.

711 4248 798 4311 In
840 4249 1061 4331 primis
1091 4249 1171 4312 de
1198 4249 1385 4312 feodo
1414 4249 1522 4311 W.
1555 4249 1636 4312 de
1668 4249 1802 4313 Ros
1831 4249 2092 4312 interim
2125 4250 2446 4313 silendum
2476 4270 2612 4313 esse

712 4350 1004 4431 arbitror,
1036 4373 1169 4416 non
1199 4350 1369 4434 quod
1412 4352 1483 4415 in
1519 4350 1764 4436 judicio
1808 4352 2192 4435 possessorio
2221 4353 2408 4417 facile
2447 4352 2610 4416 obti-
