3200 5392
2851 343 2858 354 A

584 943 717 988 Aa).
758 887 1151 1008 Ilm—89]
1245 941 1577 985 nr1s'ronAE
1610 939 1925 992 QUAEDAM.
2362 925 2484 986 115

581 1059 898 1138 inciderit,
946 1060 1046 1122 vel
1103 1080 1218 1142 per
1275 1057 1623 1122 mundanae
1672 1057 2095 1140 malignitatis
2155 1058 2487 1121 incursum

587 1162 1057 1244 persecutiones
1101 1162 1473 1225 innumeras
1517 1159 1855 1244 pertulerit
1898 1164 1962 1223 et
2005 1158 2275 1237 labores,
2321 1181 2489 1223 nun-

588 1284 780 1346 quam
819 1271 1040 1328 tamen
1079 1284 1221 1328 eam
1264 1264 1472 1346 gratia
1500 1262 1718 1326 divina
1747 1261 2028 1326 deseruit
2056 1288 2067 1324 :
2118 1283 2243 1345 quo
2273 1262 2489 1326 minus

585 1364 783 1428 robur
822 1367 959 1449 ejus
998 1366 1067 1429 in
1111 1365 1394 1449 qualibet
1441 1365 1804 1429 tentatione
1848 1365 2184 1447 proficeret
2229 1371 2295 1427 et
2338 1365 2492 1428 inde

586 1468 906 1532 obtineret
958 1469 1093 1551 spei
1154 1489 1286 1532 suae
1345 1467 1654 1551 gaudium
1702 1467 1877 1530 unde
1929 1473 2293 1550 susceperat
2341 1465 2493 1530 fidei

583 1570 1082 1635 firmamentum.
1177 1570 1283 1634 Sic
1329 1570 1529 1653 igitur
1574 1577 1726 1635 ante
1777 1590 2013 1652 paucos
2061 1569 2179 1632 hos
2221 1567 2357 1631 dies
2400 1569 2491 1631 fa-

585 1672 795 1737 ciente
840 1694 987 1739 cum
1034 1695 1110 1738 ea
1153 1673 1435 1737 Domino
1484 1674 1744 1755 signum
1770 1672 1861 1750 ⁴in
1908 1670 2153 1735 bonum
2204 1671 2493 1753 quamvis

582 1775 785 1858 ipsam
827 1775 907 1839 de
947 1776 1228 1840 transitu
1266 1776 1356 1860 pii
1395 1776 1595 1860 patris
1633 1796 1767 1839 non
1807 1774 2099 1838 modicus
2132 1774 2312 1838 dolor
2348 1774 2492 1837 tris-

585 1878 856 1961 titiaque
907 1879 1301 1943 turbaverit:
1366 1886 1610 1943 statum
1654 1885 1874 1942 tamen
1927 1878 2062 1960 ejus
2114 1877 2185 1939 in
2240 1877 2493 1940 unitate

587 1980 847 2063 spiritus
891 1989 957 2046 et
1000 1982 1256 2045 vinculo
1307 1982 1480 2064 pacis
1528 1981 1745 2044 divina
1789 1978 2191 2062 providentia
2237 1999 2490 2043 conser-

588 2082 796 2145 vavit:
860 2091 935 2146 ut
985 2089 1131 2166 post
1181 2084 1577 2165 vespertinos
1637 2084 1828 2146 fletus
1886 2082 2113 2145 laetitia
2169 2082 2496 2145 matutina

589 2184 957 2248 succederet
1001 2194 1067 2249 et
1109 2187 1249 2269 ipsa
1287 2186 1463 2249 velut
1504 2184 1803 2250 columba
1844 2186 1975 2248 suis
2014 2187 2343 2249 laetificata
2386 2207 2495 2268 ge-

591 2286 858 2350 mitibus
910 2287 1047 2352 sine
1097 2309 1262 2370 ruga
1317 2309 1575 2370 prorsus
1626 2293 1693 2351 et
1744 2287 1996 2350 macula
2048 2287 2344 2351 candoris
2397 2287 2498 2350 sui

589 2389 1090 2471 pulcritudinem
1163 2390 1494 2453 retineret.
1608 2388 1941 2453 Defuncto
2001 2388 2317 2471 siquidem
2375 2388 2498 2471 piae

588 2491 1047 2556 recordationis
1092 2498 1275 2575 patre
1322 2513 1397 2556 ac
1445 2492 1904 2575 praedecessore
1950 2497 2187 2577 nostro
2216 2490 2498 2554 Domino

591 2594 769 2677 Papa
797 2595 1000 2660 Lucio
1030 2603 1095 2659 et
1123 2595 1652 2662 reverendissimo
1683 2596 1822 2678 ejus
1853 2614 2114 2678 corpore
2151 2593 2498 2657 honorifice

591 2699 930 2777 tumulato,
962 2698 1222 2763 habitus
1252 2707 1349 2763 est
1381 2721 1420 2762 a
1447 2698 1755 2762 fratribus
1798 2697 1877 2762 de
1919 2697 2296 2762 successoris
2336 2696 2497 2760 elec-

592 2800 770 2865 tione
820 2809 1154 2881 tractatus,
1202 2802 1274 2865 in
1326 2824 1454 2884 qua
1503 2808 1690 2864 tanta
1740 2801 1864 2864 fuit
1917 2801 2132 2864 unitas
2185 2799 2496 2876 omnium,

593 2909 903 2986 tantaque
951 2904 1033 2967 ad
1079 2904 1352 2968 invicem
1400 2904 1741 2968 concordia
1793 2904 2216 2986 singulorum,
2263 2912 2341 2967 ut
2390 2903 2500 2966 ille

593 3005 994 3089 intelligatur
1052 3012 1348 3090 operatus
1408 3007 1477 3069 in
1538 3007 1650 3085 eis,
1710 3006 1782 3069 in
1842 3008 2027 3089 cujus
2085 3025 2287 3070 manu
2347 3012 2500 3069 sunt

593 3108 787 3171 corda
816 3109 1126 3186 omnium,
1160 3114 1234 3180 et,
1263 3129 1378 3192 per
1421 3129 1614 3191 quem
1646 3107 1970 3172 adunatur
1999 3108 2332 3173 diversitas
2364 3107 2499 3170 ani-

593 3230 867 3273 morum.
960 3210 1284 3274 Caeterum
1331 3232 1530 3292 quum
1577 3211 1793 3292 plures
1847 3218 2063 3275 essent
2115 3212 2186 3274 in
2238 3211 2505 3275 ecclesia

598 3310 722 3373 Dei
781 3311 899 3373 viri
954 3310 1345 3374 venerabiles
1406 3318 1471 3374 et
1529 3311 1899 3392 prudentes,
1951 3312 2023 3374 in
2072 3333 2229 3394 quos
2276 3333 2500 3376 eorum

596 3419 746 3476 vota
788 3413 1163 3489 consultius,
1203 3420 1278 3474 ut
1324 3412 1663 3489 credimus,
1710 3417 1775 3474 et
1821 3410 2078 3493 dignius
2124 3432 2501 3476 concurrere

595 3515 930 3598 potuisset,
981 3514 1062 3577 ad
1112 3513 1634 3577 insufficientiam
1681 3519 1971 3577 nostram
2020 3514 2236 3577 oculos
2287 3514 2501 3576 inten-

598 3618 853 3696 derunt,
886 3624 951 3681 et
981 3617 1226 3681 factum
1255 3623 1374 3694 est,
1408 3616 1573 3679 sicut
1616 3616 1755 3679 Deo
1795 3616 2056 3699 placuit,
2088 3621 2164 3679 ut
2206 3636 2323 3679 nos
2364 3615 2502 3698 qui-

596 3720 740 3799 bus,
795 3721 877 3784 ad
936 3719 1270 3802 dignitatis
1328 3725 1531 3783 tantae
1590 3718 1922 3801 fastigium
1980 3739 2101 3782 nec
2159 3718 2324 3782 vires
2381 3738 2504 3782 nec

599 3823 831 3888 merita
889 3824 1344 3908 suffragantur,
1405 3821 1475 3884 in
1534 3828 1785 3904 patrem
1848 3820 1970 3883 sibi
2035 3820 2347 3903 eligerent
2421 3821 2504 3885 ad

598 3933 920 4010 pastorem
947 3953 959 3990 :
1005 3948 1124 3991 nos
1154 3933 1374 3990 autem
1403 3926 1554 3990 licet
1584 3925 1823 3989 conscii
1866 3924 2054 3989 nobis
2093 3925 2366 4008 propriae
2403 3925 2503 3988 in-

599 4028 921 4092 firmitatis
962 4049 1260 4106 essemus,
1305 4028 1400 4091 ita
1443 4033 1518 4091 ut
1563 4027 1968 4092 crederemus
2009 4048 2231 4091 eorum
2275 4048 2502 4110 propo-

602 4130 726 4193 sito
765 4151 898 4193 non
936 4131 1256 4195 immerito
1296 4129 1747 4208 resistendum,
1794 4151 1878 4193 ne
1922 4136 2144 4195 tamen
2189 4150 2267 4192 ex
2312 4129 2502 4193 dilec-

601 4231 779 4295 tione
828 4232 928 4295 vel
983 4232 1338 4316 pertinacia
1388 4231 1749 4296 reluctandi
1808 4231 2068 4314 aliquod
2120 4232 2191 4295 in
2245 4230 2506 4298 ecclesia

606 4333 964 4417 periculum
1020 4335 1397 4418 perveniret,
1458 4335 1898 4400 consensimus
1956 4334 2107 4399 licet
2164 4332 2350 4397 inviti
2405 4331 2503 4393 in-

599 4436 813 4520 juncti
842 4436 1100 4500 honoris
1133 4436 1345 4501 subire
1380 4484 1600 4501 .....

783 4540 1049 4623 (Caetera
1079 4539 1315 4618 desunt,
1344 4560 1465 4603 uno
1495 4545 1606 4603 aut
1637 4541 1834 4602 altero
1847 4537 2010 4620 solio
2041 4535 2310 4619 amisso.)

1502 4661 1529 4703 1
1562 4644 1604 4703 2
1783 4633 1796 4652 ⁸
