3200 5392
5 14 3200 238 —

2119 262 2136 274 Ι

616 946 749 987 ΑΛ).
786 925 1178 1009 1161-89.]
1281 946 1615 990 Erls‘roLAE
1649 947 1973 997 QUAEDAM.
2435 933 2522 996 7⁷.

614 1065 751 1128 sine
799 1065 999 1129 literis
1047 1065 1354 1129 citatoriis
1401 1087 1628 1148 cogere
1677 1074 2124 1132 contumacem
2173 1074 2251 1132 ut
2302 1068 2516 1132 veniat

614 1174 727 1230 aut
758 1167 1065 1231 damnare
1095 1168 1150 1230 si
1177 1190 1313 1233 non
1344 1168 1609 1247 venerit,
1638 1170 1762 1233 hoc
1791 1169 1912 1233 tibi
1942 1169 2322 1234 auctoritate
2358 1192 2515 1253 prae-

615 1270 897 1333 sentium
948 1270 1331 1349 innotescat,
1381 1271 1552 1354 quod
1611 1278 1951 1355 postquam
2003 1272 2062 1336 ci
2114 1294 2306 1337 causa
2365 1274 2532 1338 licet-

614 1372 985 1455 simpliciter
1026 1374 1377 1456 delegatur,
1421 1374 1575 1438 satis
1619 1381 1831 1459 potest
1875 1383 2089 1460 partes
2134 1377 2517 1441 auctoritate

612 1483 834 1540 nostra
892 1476 1289 1560 compellere,
1339 1482 1404 1539 et
1464 1477 1660 1540 etiam
1721 1484 2132 1542 contumaces
2192 1479 2518 1542 sententia

613 1578 1038 1642 ecclesiastica
1066 1600 1375 1657 coercere,
1407 1580 1603 1643 etiam
1635 1580 1690 1643 si
1717 1581 1920 1644 literae
1950 1579 2414 1645 commissionis
2448 1581 2516 1643 id

612 1702 746 1744 non
786 1681 1182 1759 contineant,
1221 1688 1334 1745 aut
1377 1689 1591 1765 partes
1633 1683 2013 1747 mandatum
2056 1705 2189 1747 non
2233 1683 2516 1748 habeant

613 1789 688 1846 ut
732 1784 1059 1849 accedant.
1152 1784 1325 1850 Quia
1363 1806 1441 1847 ex
1481 1805 1558 1849 eo
1587 1785 1760 1868 quod
1790 1785 1911 1849 sibi
1946 1806 2136 1849 causa
2166 1787 2511 1849 committi-

609 1891 738 1963 tur,
770 1907 962 1969 super
999 1886 1101 1949 his
1140 1887 1460 1964 omnibus,
1494 1909 1638 1970 quae
1678 1888 1759 1951 ad
1800 1908 2058 1951 causam
2099 1888 2302 1971 ipsam
2340 1910 2514 1971 spec-

610 1993 750 2051 tare
808 1996 1186 2065 noscuntur,
1247 1989 1599 2071 plenariam
1661 1989 1886 2074 recipit
1944 1996 2348 2071 potestatem.
2444 1990 2514 2053 Si

609 2110 759 2154 vero
790 2090 1017 2173 aliquis
1049 2111 1414 2172 quenquam
1446 2091 1817 2171 gravissimo
1849 2098 2026 2155 metu
2058 2092 2177 2156 sub
2206 2093 2515 2175 religione

605 2191 963 2274 juramenti
993 2192 1101 2275 jus
1132 2212 1321 2254 suum
1361 2193 1644 2256 refutare
1679 2195 1982 2274 coegerit,
2012 2194 2349 2277 ipsumque
2394 2196 2516 2258 sibi

609 2292 972 2371 retinuerit,
1022 2300 1088 2357 et
1140 2293 1291 2377 quia
1346 2315 1467 2357 nos
1526 2295 1857 2358 consulere
1908 2295 2164 2358 voluisti
2217 2317 2301 2359 an
2354 2296 2516 2359 alter

611 2419 834 2462 eorum
866 2419 950 2461 an
979 2403 1211 2461 neuter
1250 2397 1317 2460 id
1357 2396 1594 2461 habere
1632 2396 1881 2476 debeat,
1912 2398 2035 2461 hoc
2063 2397 2183 2461 tibi
2216 2397 2515 2460 duximus

609 2502 1150 2586 respondendum,
1183 2500 1355 2584 quod
1398 2522 1533 2564 non
1579 2507 1678 2564 est
1722 2507 1940 2565 tutum
1972 2500 2324 2583 quemlibet
2362 2522 2512 2565 con-

609 2612 714 2670 tra
749 2605 1193 2689 juramentum
1229 2626 1418 2668 suum
1449 2603 1686 2680 venire,
1719 2603 1843 2666 nisi
1886 2604 2016 2667 tale
2061 2604 2145 2667 sit
2182 2603 2513 2687 juramen-

610 2718 773 2788 tum,
823 2709 995 2793 quod
1046 2709 1450 2773 observatum
1496 2715 1718 2790 vergat
1771 2707 1853 2770 ad
1902 2708 2238 2771 interitum
2287 2708 2512 2772 salutis

611 2820 886 2891 aeternae,
917 2833 1038 2876 nec
1068 2834 1185 2876 nos
1216 2812 1480 2875 cuilibet
1521 2832 1596 2874 ex
1637 2811 2050 2893 responsione
2088 2817 2307 2875 nostra
2338 2812 2511 2875 volu-

610 2937 756 2978 mus
796 2915 948 2979 dare
987 2915 1321 2979 materiam
1363 2921 1588 2978 contra
1627 2935 1815 2976 suum
1849 2914 2293 2997 juramentum
2336 2914 2511 2978 veni-

611 3017 782 3097 endi,
814 3024 888 3082 ut
919 3025 1210 3082 auctores
1239 3018 1503 3102 perjurii
1532 3017 1803 3080 existere
1832 3016 2181 3079 videamur.
2265 3017 2512 3080 Verum

611 3120 955 3204 aliquando
984 3122 1055 3183 in
1087 3122 1382 3184 Romana
1412 3120 1679 3184 ecclesia
1708 3142 1746 3184 a.
1774 3119 2065 3204 patribus
2094 3118 2511 3203 praedecesso·

608 3222 787 3287 ribus
829 3222 1067 3287 nostris
1109 3224 1352 3287 factum
1397 3244 1535 3286 esse
1578 3223 1899 3300 recolitur,
1932 3222 2104 3306 quod
2147 3222 2359 3287 clerici
2397 3223 2513 3305 qui

610 3324 814 3389 coacti
864 3324 1146 3388 ecclesiae
1195 3324 1626 3387 ministerium
1678 3324 2146 3408 abjuraverant,
2201 3324 2281 3387 de
2333 3325 2510 3406 jura-

611 3433 835 3492 mento
869 3426 1287 3490 absolutionis
1324 3424 1713 3488 beneficium
1753 3431 2148 3502 mernerunt,
2182 3433 2247 3488 et
2288 3425 2369 3487 ad
2408 3445 2511 3488 co-

610 3529 954 3594 ercendam
1004 3528 1416 3611 iniquitatem
1468 3546 1713 3601 eorum,
1763 3525 1874 3608 qui
1926 3524 2187 3588 clericos
2237 3524 2380 3588 illos
2432 3525 2514 3588 ad

605 3631 1044 3717 praestandum
1074 3630 1236 3694 illud
1257 3630 1704 3714 juramentum
1727 3627 2189 3712 compulerant,
2222 3626 2518 3711 permissi

610 3741 765 3799 sunt
804 3734 875 3798 in
916 3735 1141 3799 eadem
1171 3732 1435 3797 ecclesia
1463 3731 1848 3795 ministrare.
1940 3731 2160 3809 Porro,
2194 3731 2246 3793 si
2283 3730 2526 3813 aliquis-

609 3838 706 3903 vir
749 3844 816 3902 et
859 3838 1091 3901 mulier
1133 3836 1274 3920 pari
1316 3856 1635 3900 consensu
1679 3839 2139 3898 contraxerunt
2181 3834 2513 3898 matrimo-

609 3944 814 4020 nium,
845 3948 912 4006 et
954 3941 1052 4005 vir
1095 3961 1171 4004 ca
1213 3936 1546 4021 incognita
1585 3937 1777 3999 aliam
1817 3935 2070 3999 duxerit
2113 3934 2183 3998 in
2225 3956 2511 4014 uxorem,

611 4051 678 4108 et
736 4045 877 4108 eam
937 4041 1325 4125 cognoverit,
1372 4038 1701 4122 cogendus
1759 4043 1857 4101 est
1907 4035 2260 4100 'secundam
2320 4037 2515 4100 relin-

614 4167 808 4229 quere
866 4153 932 4210 et
991 4146 1074 4209 ad
1130 4144 1411 4229 primam
1465 4142 1694 4219 redire,
1745 4140 1896 4223 quia
1942 4139 2231 4222 quamvis
2275 4139 2513 4203 'exinde

614 4251 863 4314 diversa
897 4249 1298 4333 quorundam
1339 4245 1665 4311 sententia
1703 4250 1769 4308 et
1808 4264 1943 4308 non
1983 4243 2206 4307 eadem
2245 4262 2512 4306 consue-

610 4351 775 4417 tudo
819 4351 1248 4429 ecclesiarum,
1292 4349 1500 4414 tutius
1542 4355 1766 4412 tamen
1808 4346 2082 4423 videtur,
2121 4350 2197 4408 ut
2240 4343 2512 4424 primam

611 4449 851 4514 habere
891 4448 1120 4513 debeat
1161 4470 1355 4533 quam
1395 4447 1765 4524 secundam,
1798 4467 1999 4528 quum
2044 4465 2083 4507 a
2123 4441 2331 4526 prima
2375 4440 2513 4504 sine

604 4555 848 4639 judicio
907 4552 1187 4618 ecclesiae
1247 4551 1525 4636 separari
1590 4571 1721 4613 non
1785 4546 2099 4624 debuerit,
2173 4551 2513 4629 postquam
