3200 5392
0 14 3200 210 —

0 287 7 298 Ι

0 311 11 322 {-

566 903 699 950 ΑΛ).
738 881 1131 963 1161-89,]
1164 872 1170 953 ⁴.
1233 899 1566 943 EPIS'roLAE
1597 898 1921 951 QUAEDAM.
2344 883 2468 945 125

569 1023 950 1095 remaneret,
984 1016 1154 1100 apud
1185 1017 1545 1081 Cadomum
1574 1017 1647 1079 in
1677 1016 1903 1101 majori
1931 1016 2297 1099 frequentia
2331 1040 2474 1102 per-

567 1142 871 1186 sonarum
902 1119 1154 1205 publice
1185 1120 1414 1183 statuit
1444 1141 1511 1183 se
1542 1126 1861 1183 acturum.
1953 1119 2287 1184 Relaxavit
2316 1141 2473 1203 prae-

565 1230 744 1288 terea
787 1224 1111 1306 episcopos
1148 1221 1228 1286 de
1267 1222 1707 1306 promissione,
1740 1244 1934 1307 quam
1973 1222 2034 1286 ei
2062 1223 2349 1288 fecerant
2393 1223 2475 1288 de

566 1324 1139 1390 consuetudinibus
1180 1330 1246 1388 et
1291 1324 1585 1407 promisit
1627 1322 1798 1406 quod
1838 1344 1972 1388 non
2018 1324 2229 1407 exiget
2257 1325 2329 1388 in
2370 1325 2471 1388 fu-

567 1435 810 1492 turum.

567 1773 1008 1839 EPISTOLA
1069 1773 2144 1839 CCCLXXXVIII.-—EORUNDEM
2191 1794 2284 1836 An
2331 1793 2472 1836 GIL-

803 1897 1079 1941 BERTUM
1108 1896 1609 1939 RAVENNENSEM
1638 1895 2228 1939 Aacmssmscorum.

579 2052 929 2115 Venerabili
974 2052 1043 2112 in
1092 2051 1336 2112 Christo
1384 2057 1444 2113 et
1496 2049 1719 2113 dilecto
1752 2049 1962 2131 fratri
2012 2051 2307 2128 GilbertO,
2353 2051 2477 2113 Dei

651 2154 867 2235 qratia
917 2154 1305 2214 Ravennensz'
1363 2152 1841 2231 archiepiscope,
1902 2152 2199 2214 Albertus
2257 2151 2474 2233 diyna-

656 2256 820 2318 tione
849 2254 1060 2316 divina
1091 2253 1261 2315 tituli
1292 2253 1358 2315 S.
1391 2252 1722 2314 Laurentii
1756 2254 1825 2314 in
1859 2252 2099 2315 Lucina
2140 2260 2199 2315 et
2243 2253 2474 2315 Tkeod-

655 2359 853 2421 wimae
882 2357 1052 2419 tituli
1082 2356 1148 2418 S.
1184 2355 1430 2432 Wtalis,
1449 2354 1806 2435 presbyteri
1837 2356 2205 2431 cardinales,
2238 2360 2478 2435 aposto-

658 2463 790 2524 licae
817 2460 983 2523 sedis
1012 2458 1223 2539 leyati,
1256 2457 1423 2538 quod
1441 2457 1738 2542 promisit
1767 2458 1938 2519 Deus
1968 2457 2364 2538 diliyentibus
2392 2477 2476 2521 se.

660 2665 1000 2729 QquAM
1051 2662 1412 2726 desiderare
1470 2683 1580 2725 vos
1642 2662 1980 2741 credimuS,
2028 2670 2105 2727 ut
2165 2664 2244 2728 de
2303 2670 2480 2727 statu

569 2775 811 2843 nostro,
845 2767 954 2829 Suc.
1000 2766 1241 2849 [eadem
1263 2786 1394 2847 quoe
1422 2767 1488 2828 in
1520 2768 1779 2846 epistola
1808 2770 2113 2847 superiori
2138 2788 2327 2849 usque
2356 2768 2471 2851 ad]

572 2871 658 2933 Et
703 2871 824 2933 hoc
866 2869 1076 2951 ipsum
1114 2870 1333 2952 jurare
1378 2869 1529 2931 fecit
1572 2869 1780 2932 filium
1825 2891 2016 2932 suum
2062 2872 2370 2953 majorem
2410 2872 2481 2933 in

574 2972 799 3037 charta
828 2972 1246 3036 absolutionis
1276 2993 1391 3054 pro
1422 2980 1630 3036 morte
1659 2971 1834 3036 beati
1864 2972 2145 3037 Thomae.
2227 2975 2268 3036 J
2270 2974 2481 3038 uravit

574 3076 771 3140 etiam
816 3082 882 3139 et
926 3075 1068 3152 alia,
1101 3075 1271 3139 clero
1317 3082 1382 3138 et
1425 3074 1663 3157 populo
1703 3075 1885 3138 valde
1929 3077 2305 3155 necessaria,
2338 3098 2481 3159 quae

575 3178 795 3240 omnia
824 3178 1166 3258 diligenter
1211 3184 1277 3241 et
1321 3199 1434 3259 per
1464 3178 1777 3254 ordinem,
1811 3178 1977 3242 sicut
2021 3200 2098 3242 ea
2133 3180 2478 3263 juraverat,

576 3283 647 3343 in
687 3279 1106 3342 absolutionis
1146 3280 1285 3362 ejus
1326 3280 1549 3342 charta
1597 3280 2089 3361 pernotavimuS.
2182 3282 2483 3345 Promisit

453 3416 459 3422 ·
578 3382 775 3446 etiam
820 3389 886 3446 et
930 3381 1054 3445 alia
1098 3380 1178 3444 de
1222 3379 1423 3444 libera
1461 3381 1792 3443 voluntate
1834 3382 2133 3462 gerenda,
2165 3403 2307 3464 quae
2350 3405 2484 3447 non

575 3491 828 3569 oportet
859 3484 1189 3568 scripturae
1220 3483 1381 3548 serie
1412 3484 1740 3547 denotare.
1835 3483 1996 3546 Haec
2033 3492 2249 3547 autem
2289 3486 2484 3569 scrip-

577 3589 798 3668 simuS,
828 3596 905 3652 ut
950 3587 1350 3670 cognoscatis
1395 3587 1608 3670 ipsum
1653 3585 2059 3649 obedientem
2108 3588 2248 3651 Deo
2292 3595 2486 3671 atque

578 3692 660 3756 ad
705 3683 994 3756 divinum
1040 3689 1417 3773 obsequium
1465 3690 1672 3753 multo
1719 3689 1991 3772 amplius
2037 3712 2232 3773 quam
2276 3691 2487 3755 adhuc

576 3795 774 3859 fuerit
804 3795 1183 3858 animatum.
1275 3792 1599 3856 Noveritis
1643 3792 1725 3855 ad
1763 3792 1886 3856 hoc
1925 3793 2131 3857 filium
2172 3815 2357 3857 suum
2405 3796 2485 3859 de

581 3896 898 3979 praedictis
950 3895 1528 3960 consuetudinibus
1581 3896 1822 3978 pariter
1880 3916 2026 3958 cum
2088 3916 2163 3958 eo
2214 3897 2486 3980 jurasse.

584 4001 754 4063 Sane
785 4001 959 4084 quod
996 3999 1088 4063 ibi
1127 4000 1371 4063 factum
1413 4007 1530 4076 est,
1573 3999 1806 4063 iterato
1847 3999 2075 4078 adhuc,
2107 4021 2193 4063 ne
2233 4001 2487 4066 dubita-

582 4102 777 4165 tionis
805 4103 983 4166 locus
1014 4102 1204 4166 alicui
1234 4110 1616 4179 remaneret,
1650 4102 1819 4185 apud
1851 4102 2207 4166 Cadomum
2245 4104 2314 4166 in
2352 4127 2487 4169 ma-

577 4203 706 4286 jori
748 4203 1109 4286 frequentia
1153 4226 1568 4287 personarum
1616 4203 1872 4286 publice
1903 4204 2148 4268 statuit
2196 4226 2263 4267 se
2311 4213 2488 4270 actu-

0 4321 19 4448 ι
585 4326 753 4370 rum.
846 4305 1178 4368 Relaxavit
1219 4314 1527 4389 praeterea
1564 4306 1891 4392 episcopos
1932 4306 2011 4371 de
2050 4306 2489 4390 promissione,

589 4428 784 4490 quam
813 4406 873 4471 ei
901 4407 1187 4470 fecerant
1217 4407 1296 4471 de
1324 4408 1903 4474 eonsuetudinibus
1935 4407 2401 4486 conservandiS,
2427 4417 2491 4473 et

588 4509 880 4592 promisit
926 4508 1096 4592 quod
1139 4529 1273 4573 non
1318 4510 1529 4590 exiget
1571 4510 1642 4574 in
1685 4511 2000 4574 futurum.
2091 4509 2175 4570 In
2215 4510 2492 4575 crastino
