<?xml version="1.0" encoding="UTF-8"?>
<!DOCTYPE html PUBLIC "-//W3C//DTD XHTML 1.0 Transitional//EN"
    "http://www.w3.org/TR/xhtml1/DTD/xhtml1-transitional.dtd">
<html xmlns="http://www.w3.org/1999/xhtml" xml:lang="en" lang="en">
 <head>
  <title>
</title>
<meta http-equiv="Content-Type" content="text/html;charset=utf-8" />
  <meta name='ocr-system' content='tesseract 3.04.00' />
  <meta name='ocr-capabilities' content='ocr_page ocr_carea ocr_par ocr_line ocrx_word'/>
</head>
<body>
  <div class='ocr_page' id='page_1' title='image "./gilbertiexabbat01gilegoog_0219.png"; bbox 0 0 3200 5392; ppageno 0'>
   <div class='ocr_carea' id='block_1_1' title="bbox 600 857 2503 940">
    <p class='ocr_par' dir='ltr' id='par_1_1' title="bbox 600 857 2503 940">
     <span class='ocr_line' id='line_1_1' title="bbox 600 857 2503 940; baseline -0.002 -19"><span class='ocrx_word' id='word_1_1' title='bbox 600 879 736 921; x_wconf 62' lang='lat' dir='ltr'><strong>Aa).</strong></span> <span class='ocrx_word' id='word_1_2' title='bbox 773 857 1167 940; x_wconf 87' lang='lat'>1161-89.]</span> <span class='ocrx_word' id='word_1_3' title='bbox 1268 875 1601 921; x_wconf 72' lang='lat' dir='ltr'><strong>nnsroLAE</strong></span> <span class='ocrx_word' id='word_1_4' title='bbox 1634 875 1960 926; x_wconf 76' lang='lat' dir='ltr'><strong>QUAEDAM.</strong></span> <span class='ocrx_word' id='word_1_5' title='bbox 2375 859 2503 923; x_wconf 77' lang='lat'><strong>203</strong></span> 
     </span>
    </p>
   </div>
   <div class='ocr_carea' id='block_1_2' title="bbox 579 993 2505 4565">
    <p class='ocr_par' dir='ltr' id='par_1_2' title="bbox 579 993 2505 4565">
     <span class='ocr_line' id='line_1_2' title="bbox 601 993 2503 1080; baseline 0.001 -21"><span class='ocrx_word' id='word_1_6' title='bbox 601 995 807 1059; x_wconf 86' lang='lat' dir='ltr'><strong>clesiae</strong></span> <span class='ocrx_word' id='word_1_7' title='bbox 836 1016 1147 1078; x_wconf 83' lang='lat' dir='ltr'><strong>magnum</strong></span> <span class='ocrx_word' id='word_1_8' title='bbox 1186 1016 1266 1058; x_wconf 85' lang='lat' dir='ltr'><strong>ex</strong></span> <span class='ocrx_word' id='word_1_9' title='bbox 1303 994 1427 1059; x_wconf 90' lang='lat' dir='ltr'><strong>hoc</strong></span> <span class='ocrx_word' id='word_1_10' title='bbox 1456 1015 1591 1058; x_wconf 94' lang='lat' dir='ltr'><strong>non</strong></span> <span class='ocrx_word' id='word_1_11' title='bbox 1621 993 2008 1076; x_wconf 79' lang='lat' dir='ltr'>ambigimus</span> <span class='ocrx_word' id='word_1_12' title='bbox 2030 994 2170 1077; x_wconf 85' lang='lat' dir='ltr'><strong>jam</strong></span> <span class='ocrx_word' id='word_1_13' title='bbox 2190 994 2330 1080; x_wconf 86' lang='lat' dir='ltr'><strong>jam</strong></span> <span class='ocrx_word' id='word_1_14' title='bbox 2357 1016 2503 1078; x_wconf 87' lang='lat' dir='ltr'><strong>pro-</strong></span> 
     </span>
     <span class='ocr_line' id='line_1_3' title="bbox 598 1096 2504 1182; baseline 0.001 -21"><span class='ocrx_word' id='word_1_15' title='bbox 598 1097 847 1162; x_wconf 86' lang='lat' dir='ltr'><strong>venisse</strong></span> <span class='ocrx_word' id='word_1_16' title='bbox 899 1097 1325 1182; x_wconf 82' lang='lat' dir='ltr'><strong>dispendium.</strong></span> <span class='ocrx_word' id='word_1_17' title='bbox 1418 1096 1615 1161; x_wconf 85' lang='lat' dir='ltr'><strong>Unde</strong></span> <span class='ocrx_word' id='word_1_18' title='bbox 1657 1117 1744 1160; x_wconf 93' lang='lat' dir='ltr'><strong>ne</strong></span> <span class='ocrx_word' id='word_1_19' title='bbox 1788 1097 1959 1161; x_wconf 82' lang='lat' dir='ltr'><strong>facto</strong></span> <span class='ocrx_word' id='word_1_20' title='bbox 2004 1104 2216 1162; x_wconf 88' lang='lat' dir='ltr'><strong>vestro</strong></span> <span class='ocrx_word' id='word_1_21' title='bbox 2261 1104 2504 1162; x_wconf 87' lang='lat' dir='ltr'><strong>vestem</strong></span> 
     </span>
     <span class='ocr_line' id='line_1_4' title="bbox 599 1199 2505 1283; baseline 0.001 -18"><span class='ocrx_word' id='word_1_22' title='bbox 599 1200 842 1265; x_wconf 82' lang='lat' dir='ltr'><strong>Christi</strong></span> <span class='ocrx_word' id='word_1_23' title='bbox 883 1200 1106 1280; x_wconf 89' lang='lat' dir='ltr'><strong>scindi,</strong></span> <span class='ocrx_word' id='word_1_24' title='bbox 1138 1199 1591 1264; x_wconf 83' lang='lat' dir='ltr'><strong>inconsutilem</strong></span> <span class='ocrx_word' id='word_1_25' title='bbox 1621 1200 1760 1283; x_wconf 86' lang='lat' dir='ltr'><strong>ejus</strong></span> <span class='ocrx_word' id='word_1_26' title='bbox 1788 1200 2078 1263; x_wconf 88' lang='lat' dir='ltr'><strong>tunicam</strong></span> <span class='ocrx_word' id='word_1_27' title='bbox 2106 1200 2274 1266; x_wconf 91' lang='lat' dir='ltr'><strong>male</strong></span> <span class='ocrx_word' id='word_1_28' title='bbox 2305 1201 2505 1266; x_wconf 91' lang='lat' dir='ltr'><strong>dissui</strong></span> 
     </span>
     <span class='ocr_line' id='line_1_5' title="bbox 594 1302 2505 1386; baseline 0.001 -19"><span class='ocrx_word' id='word_1_29' title='bbox 594 1303 1042 1367; x_wconf 77' lang='lat' dir='ltr'><strong>taciturnitate</strong></span> <span class='ocrx_word' id='word_1_30' title='bbox 1071 1308 1294 1366; x_wconf 89' lang='lat' dir='ltr'><strong>nostra</strong></span> <span class='ocrx_word' id='word_1_31' title='bbox 1321 1308 1387 1366; x_wconf 90' lang='lat' dir='ltr'><strong>et</strong></span> <span class='ocrx_word' id='word_1_32' title='bbox 1414 1302 1764 1366; x_wconf 88' lang='lat' dir='ltr'><strong>indiscreta</strong></span> <span class='ocrx_word' id='word_1_33' title='bbox 1784 1302 2067 1386; x_wconf 87' lang='lat' dir='ltr'><strong>quadam</strong></span> <span class='ocrx_word' id='word_1_34' title='bbox 2095 1303 2505 1368; x_wconf 83' lang='lat' dir='ltr'><strong>conniventia</strong></span> 
     </span>
     <span class='ocr_line' id='line_1_6' title="bbox 597 1404 2501 1487; baseline 0.002 -20"><span class='ocrx_word' id='word_1_35' title='bbox 597 1404 970 1485; x_wconf 88' lang='lat' dir='ltr'><strong>sineremus,</strong></span> <span class='ocrx_word' id='word_1_36' title='bbox 1004 1406 1087 1469; x_wconf 91' lang='lat' dir='ltr'><strong>ad</strong></span> <span class='ocrx_word' id='word_1_37' title='bbox 1127 1405 1463 1469; x_wconf 92' lang='lat' dir='ltr'><strong>dominum</strong></span> <span class='ocrx_word' id='word_1_38' title='bbox 1501 1426 1736 1487; x_wconf 85' lang='lat' dir='ltr'><strong>papam</strong></span> <span class='ocrx_word' id='word_1_39' title='bbox 1777 1405 2253 1487; x_wconf 88' lang='lat' dir='ltr'><strong>appellavimus,</strong></span> <span class='ocrx_word' id='word_1_40' title='bbox 2286 1412 2351 1470; x_wconf 91' lang='lat' dir='ltr'><strong>et</strong></span> <span class='ocrx_word' id='word_1_41' title='bbox 2393 1406 2501 1470; x_wconf 85' lang='lat' dir='ltr'><strong>de-</strong></span> 
     </span>
     <span class='ocr_line' id='line_1_7' title="bbox 595 1505 2502 1591; baseline 0.002 -21"><span class='ocrx_word' id='word_1_42' title='bbox 595 1505 801 1570; x_wconf 88' lang='lat' dir='ltr'><strong>bitam</strong></span> <span class='ocrx_word' id='word_1_43' title='bbox 827 1507 967 1577; x_wconf 66' lang='lat' dir='ltr'><strong>sibi</strong></span> <span class='ocrx_word' id='word_1_44' title='bbox 1010 1507 1409 1587; x_wconf 88' lang='lat' dir='ltr'><strong>fidelitatem,</strong></span> <span class='ocrx_word' id='word_1_45' title='bbox 1442 1507 1525 1571; x_wconf 88' lang='lat' dir='ltr'><strong>ad</strong></span> <span class='ocrx_word' id='word_1_46' title='bbox 1566 1508 1781 1590; x_wconf 91' lang='lat' dir='ltr'><strong>ipsum</strong></span> <span class='ocrx_word' id='word_1_47' title='bbox 1821 1508 2219 1591; x_wconf 88' lang='lat' dir='ltr'><strong>appellando,</strong></span> <span class='ocrx_word' id='word_1_48' title='bbox 2251 1529 2502 1574; x_wconf 86' lang='lat' dir='ltr'><strong>conser-</strong></span> 
     </span>
     <span class='ocr_line' id='line_1_8' title="bbox 594 1608 2501 1694; baseline 0.002 -21"><span class='ocrx_word' id='word_1_49' title='bbox 594 1609 898 1674; x_wconf 88' lang='lat' dir='ltr'><strong>vavimus.</strong></span> <span class='ocrx_word' id='word_1_50' title='bbox 986 1609 1456 1693; x_wconf 91' lang='lat' dir='ltr'><strong>Appellationis</strong></span> <span class='ocrx_word' id='word_1_51' title='bbox 1484 1609 1682 1692; x_wconf 86' lang='lat' dir='ltr'><strong>hujus</strong></span> <span class='ocrx_word' id='word_1_52' title='bbox 1713 1608 1915 1673; x_wconf 86' lang='lat' dir='ltr'><strong>dilata</strong></span> <span class='ocrx_word' id='word_1_53' title='bbox 1941 1609 2258 1692; x_wconf 89' lang='lat' dir='ltr'><strong>siquidem</strong></span> <span class='ocrx_word' id='word_1_54' title='bbox 2286 1632 2501 1694; x_wconf 89' lang='lat' dir='ltr'><strong>prose-</strong></span> 
     </span>
     <span class='ocr_line' id='line_1_9' title="bbox 594 1711 2501 1796; baseline -0.001 -17"><span class='ocrx_word' id='word_1_55' title='bbox 594 1712 769 1779; x_wconf 82' lang='lat' dir='ltr'><strong>cutio</strong></span> <span class='ocrx_word' id='word_1_56' title='bbox 795 1733 932 1776; x_wconf 90' lang='lat' dir='ltr'><strong>non</strong></span> <span class='ocrx_word' id='word_1_57' title='bbox 959 1711 1204 1790; x_wconf 86' lang='lat' dir='ltr'><strong>fuisset,</strong></span> <span class='ocrx_word' id='word_1_58' title='bbox 1242 1712 1367 1775; x_wconf 91' lang='lat' dir='ltr'><strong>nisi</strong></span> <span class='ocrx_word' id='word_1_59' title='bbox 1409 1711 1668 1795; x_wconf 89' lang='lat' dir='ltr'><strong>pietatis</strong></span> <span class='ocrx_word' id='word_1_60' title='bbox 1711 1712 1782 1775; x_wconf 92' lang='lat' dir='ltr'><strong>in</strong></span> <span class='ocrx_word' id='word_1_61' title='bbox 1826 1733 1945 1776; x_wconf 90' lang='lat' dir='ltr'><strong>nos</strong></span> <span class='ocrx_word' id='word_1_62' title='bbox 1989 1712 2206 1776; x_wconf 88' lang='lat' dir='ltr'><strong>oculos</strong></span> <span class='ocrx_word' id='word_1_63' title='bbox 2251 1720 2501 1796; x_wconf 84' lang='lat' dir='ltr'><strong>aposto-</strong></span> 
     </span>
     <span class='ocr_line' id='line_1_10' title="bbox 593 1813 2502 1880; baseline 0.001 -2"><span class='ocrx_word' id='word_1_64' title='bbox 593 1814 719 1879; x_wconf 84' lang='lat' dir='ltr'><strong>lica</strong></span> <span class='ocrx_word' id='word_1_65' title='bbox 747 1815 1090 1879; x_wconf 88' lang='lat' dir='ltr'><strong>clementia</strong></span> <span class='ocrx_word' id='word_1_66' title='bbox 1118 1815 1495 1878; x_wconf 86' lang='lat' dir='ltr'><strong>reduxisset.</strong></span> <span class='ocrx_word' id='word_1_67' title='bbox 1580 1813 1714 1880; x_wconf 76' lang='lat' dir='ltr'><strong>Qui</strong></span> <span class='ocrx_word' id='word_1_68' title='bbox 1743 1814 1931 1879; x_wconf 91' lang='lat' dir='ltr'><strong>nobis</strong></span> <span class='ocrx_word' id='word_1_69' title='bbox 1962 1821 2028 1878; x_wconf 90' lang='lat' dir='ltr'><strong>et</strong></span> <span class='ocrx_word' id='word_1_70' title='bbox 2056 1815 2234 1879; x_wconf 90' lang='lat' dir='ltr'><strong>vobis</strong></span> <span class='ocrx_word' id='word_1_71' title='bbox 2265 1817 2502 1880; x_wconf 85' lang='lat' dir='ltr'><strong>affectu</strong></span> 
     </span>
     <span class='ocr_line' id='line_1_11' title="bbox 592 1916 2502 2002; baseline 0.002 -22"><span class='ocrx_word' id='word_1_72' title='bbox 592 1925 864 2000; x_wconf 87' lang='lat' dir='ltr'><strong>paterno</strong></span> <span class='ocrx_word' id='word_1_73' title='bbox 903 1917 1300 2000; x_wconf 85' lang='lat' dir='ltr'><strong>compatiens</strong></span> <span class='ocrx_word' id='word_1_74' title='bbox 1337 1916 1666 1980; x_wconf 77' lang='lat' dir='ltr'><strong>laboribus</strong></span> <span class='ocrx_word' id='word_1_75' title='bbox 1706 1917 1943 1981; x_wconf 87' lang='lat' dir='ltr'><strong>nostris</strong></span> <span class='ocrx_word' id='word_1_76' title='bbox 1988 1927 2054 1981; x_wconf 90' lang='lat' dir='ltr'><strong>et</strong></span> <span class='ocrx_word' id='word_1_77' title='bbox 2094 1918 2386 2002; x_wconf 82' lang='lat' dir='ltr'><strong>expensis</strong></span> <span class='ocrx_word' id='word_1_78' title='bbox 2425 1925 2502 1983; x_wconf 86' lang='lat' dir='ltr'><strong>ut</strong></span> 
     </span>
     <span class='ocr_line' id='line_1_12' title="bbox 594 2019 2501 2103; baseline 0.003 -21"><span class='ocrx_word' id='word_1_79' title='bbox 594 2020 878 2083; x_wconf 90' lang='lat' dir='ltr'><strong>scribens</strong></span> <span class='ocrx_word' id='word_1_80' title='bbox 927 2020 1065 2103; x_wconf 89' lang='lat' dir='ltr'><strong>ipse</strong></span> <span class='ocrx_word' id='word_1_81' title='bbox 1109 2025 1408 2098; x_wconf 87' lang='lat' dir='ltr'><strong>testatur,</strong></span> <span class='ocrx_word' id='word_1_82' title='bbox 1460 2019 1956 2083; x_wconf 84' lang='lat' dir='ltr'><strong>misericorditer</strong></span> <span class='ocrx_word' id='word_1_83' title='bbox 2001 2042 2289 2102; x_wconf 86' lang='lat' dir='ltr'><strong>parcens,</strong></span> <span class='ocrx_word' id='word_1_84' title='bbox 2333 2022 2501 2087; x_wconf 89' lang='lat' dir='ltr'><strong>viros</strong></span> 
     </span>
     <span class='ocr_line' id='line_1_13' title="bbox 594 2120 2499 2205; baseline 0.002 -22"><span class='ocrx_word' id='word_1_85' title='bbox 594 2120 914 2204; x_wconf 88' lang='lat' dir='ltr'><strong>sapientes</strong></span> <span class='ocrx_word' id='word_1_86' title='bbox 955 2128 1021 2185; x_wconf 92' lang='lat' dir='ltr'><strong>et</strong></span> <span class='ocrx_word' id='word_1_87' title='bbox 1059 2121 1365 2184; x_wconf 90' lang='lat' dir='ltr'><strong>honestos</strong></span> <span class='ocrx_word' id='word_1_88' title='bbox 1404 2121 1643 2204; x_wconf 88' lang='lat' dir='ltr'><strong>peritos</strong></span> <span class='ocrx_word' id='word_1_89' title='bbox 1666 2121 1832 2203; x_wconf 84' lang='lat' dir='ltr'><strong>juris</strong></span> <span class='ocrx_word' id='word_1_90' title='bbox 1864 2129 1928 2184; x_wconf 89' lang='lat' dir='ltr'><strong>et</strong></span> <span class='ocrx_word' id='word_1_91' title='bbox 1960 2122 2242 2203; x_wconf 84' lang='lat' dir='ltr'><strong>equitate</strong></span> <span class='ocrx_word' id='word_1_92' title='bbox 2269 2123 2499 2205; x_wconf 87' lang='lat' dir='ltr'><strong>proba-</strong></span> 
     </span>
     <span class='ocr_line' id='line_1_14' title="bbox 590 2223 2502 2289; baseline 0.002 -3"><span class='ocrx_word' id='word_1_93' title='bbox 590 2224 870 2287; x_wconf 86' lang='lat' dir='ltr'><strong>tissimos</strong></span> <span class='ocrx_word' id='word_1_94' title='bbox 915 2224 996 2287; x_wconf 87' lang='lat' dir='ltr'><strong>de</strong></span> <span class='ocrx_word' id='word_1_95' title='bbox 1037 2225 1240 2288; x_wconf 85' lang='lat' dir='ltr'><strong>latere</strong></span> <span class='ocrx_word' id='word_1_96' title='bbox 1284 2244 1402 2288; x_wconf 86' lang='lat' dir='ltr'><strong>suo</strong></span> <span class='ocrx_word' id='word_1_97' title='bbox 1444 2223 1804 2287; x_wconf 85' lang='lat' dir='ltr'><strong>transmisit</strong></span> <span class='ocrx_word' id='word_1_98' title='bbox 1845 2223 1928 2286; x_wconf 89' lang='lat' dir='ltr'><strong>ad</strong></span> <span class='ocrx_word' id='word_1_99' title='bbox 1967 2244 2084 2287; x_wconf 88' lang='lat' dir='ltr'><strong>nos</strong></span> <span class='ocrx_word' id='word_1_100' title='bbox 2123 2231 2200 2288; x_wconf 91' lang='lat' dir='ltr'><strong>ut</strong></span> <span class='ocrx_word' id='word_1_101' title='bbox 2241 2245 2502 2289; x_wconf 86' lang='lat' dir='ltr'><strong>causam</strong></span> 
     </span>
     <span class='ocr_line' id='line_1_15' title="bbox 590 2326 2500 2411; baseline 0.001 -22"><span class='ocrx_word' id='word_1_102' title='bbox 590 2326 760 2390; x_wconf 86' lang='lat' dir='ltr'><strong>hanc</strong></span> <span class='ocrx_word' id='word_1_103' title='bbox 788 2326 977 2409; x_wconf 88' lang='lat' dir='ltr'><strong>plene</strong></span> <span class='ocrx_word' id='word_1_104' title='bbox 1007 2332 1465 2410; x_wconf 82' lang='lat' dir='ltr'><strong>cognoscerent</strong></span> <span class='ocrx_word' id='word_1_105' title='bbox 1496 2332 1562 2389; x_wconf 92' lang='lat' dir='ltr'><strong>et</strong></span> <span class='ocrx_word' id='word_1_106' title='bbox 1590 2327 1799 2410; x_wconf 88' lang='lat' dir='ltr'><strong>ipsam</strong></span> <span class='ocrx_word' id='word_1_107' title='bbox 1829 2332 2125 2409; x_wconf 81' lang='lat' dir='ltr'><strong>suscepta</strong></span> <span class='ocrx_word' id='word_1_108' title='bbox 2164 2328 2500 2411; x_wconf 89' lang='lat' dir='ltr'><strong>potestatis</strong></span> 
     </span>
     <span class='ocr_line' id='line_1_16' title="bbox 588 2428 2500 2513; baseline 0.001 -21"><span class='ocrx_word' id='word_1_109' title='bbox 588 2429 995 2512; x_wconf 85' lang='lat' dir='ltr'><strong>plenitudine</strong></span> <span class='ocrx_word' id='word_1_110' title='bbox 1054 2429 1484 2508; x_wconf 81' lang='lat' dir='ltr'><strong>terminando,</strong></span> <span class='ocrx_word' id='word_1_111' title='bbox 1546 2430 1749 2493; x_wconf 91' lang='lat' dir='ltr'><strong>finem</strong></span> <span class='ocrx_word' id='word_1_112' title='bbox 1804 2428 2131 2493; x_wconf 84' lang='lat' dir='ltr'><strong>laboribus</strong></span> <span class='ocrx_word' id='word_1_113' title='bbox 2182 2430 2322 2513; x_wconf 89' lang='lat' dir='ltr'><strong>jam</strong></span> <span class='ocrx_word' id='word_1_114' title='bbox 2385 2429 2500 2494; x_wconf 87' lang='lat' dir='ltr'><strong>diu</strong></span> 
     </span>
     <span class='ocr_line' id='line_1_17' title="bbox 587 2531 2499 2616; baseline 0.002 -21"><span class='ocrx_word' id='word_1_115' title='bbox 587 2532 930 2614; x_wconf 83' lang='lat' dir='ltr'><strong>protractis</strong></span> <span class='ocrx_word' id='word_1_116' title='bbox 967 2533 1396 2616; x_wconf 88' lang='lat' dir='ltr'><strong>imponerent.</strong></span> <span class='ocrx_word' id='word_1_117' title='bbox 1486 2532 1747 2596; x_wconf 87' lang='lat' dir='ltr'><strong>Literas</strong></span> <span class='ocrx_word' id='word_1_118' title='bbox 1778 2531 1851 2595; x_wconf 90' lang='lat' dir='ltr'><strong>in</strong></span> <span class='ocrx_word' id='word_1_119' title='bbox 1886 2532 2011 2596; x_wconf 86' lang='lat' dir='ltr'><strong>hoc</strong></span> <span class='ocrx_word' id='word_1_120' title='bbox 2041 2532 2289 2596; x_wconf 88' lang='lat' dir='ltr'><strong>domini</strong></span> <span class='ocrx_word' id='word_1_121' title='bbox 2316 2555 2499 2616; x_wconf 86' lang='lat' dir='ltr'><strong>papae</strong></span> 
     </span>
     <span class='ocr_line' id='line_1_18' title="bbox 588 2635 2496 2719; baseline 0.001 -21"><span class='ocrx_word' id='word_1_122' title='bbox 588 2635 1001 2718; x_wconf 76' lang='lat' dir='ltr'><strong>suscepimuS,</strong></span> <span class='ocrx_word' id='word_1_123' title='bbox 1048 2636 1279 2719; x_wconf 91' lang='lat' dir='ltr'><strong>quibus</strong></span> <span class='ocrx_word' id='word_1_124' title='bbox 1332 2635 1518 2700; x_wconf 88' lang='lat' dir='ltr'><strong>nobis</strong></span> <span class='ocrx_word' id='word_1_125' title='bbox 1570 2635 1920 2718; x_wconf 90' lang='lat' dir='ltr'><strong>apostolica</strong></span> <span class='ocrx_word' id='word_1_126' title='bbox 1965 2635 2347 2699; x_wconf 90' lang='lat' dir='ltr'><strong>auctoritate</strong></span> <span class='ocrx_word' id='word_1_127' title='bbox 2396 2636 2496 2699; x_wconf 91' lang='lat' dir='ltr'><strong>in·</strong></span> 
     </span>
     <span class='ocr_line' id='line_1_19' title="bbox 581 2737 2495 2821; baseline 0.001 -21"><span class='ocrx_word' id='word_1_128' title='bbox 581 2737 883 2821; x_wconf 85' lang='lat' dir='ltr'><strong>jungitur</strong></span> <span class='ocrx_word' id='word_1_129' title='bbox 923 2745 1002 2802; x_wconf 91' lang='lat' dir='ltr'><strong>ut</strong></span> <span class='ocrx_word' id='word_1_130' title='bbox 1043 2739 1198 2821; x_wconf 89' lang='lat' dir='ltr'><strong>ipsis</strong></span> <span class='ocrx_word' id='word_1_131' title='bbox 1242 2738 1537 2801; x_wconf 87' lang='lat' dir='ltr'><strong>assistere</strong></span> <span class='ocrx_word' id='word_1_132' title='bbox 1581 2737 2026 2821; x_wconf 88' lang='lat' dir='ltr'><strong>appellationis</strong></span> <span class='ocrx_word' id='word_1_133' title='bbox 2069 2744 2307 2802; x_wconf 87' lang='lat' dir='ltr'><strong>nostrae</strong></span> <span class='ocrx_word' id='word_1_134' title='bbox 2347 2759 2495 2802; x_wconf 88' lang='lat' dir='ltr'><strong>cau-</strong></span> 
     </span>
     <span class='ocr_line' id='line_1_20' title="bbox 589 2839 2495 2923; baseline 0.002 -21"><span class='ocrx_word' id='word_1_135' title='bbox 589 2861 691 2903; x_wconf 90' lang='lat' dir='ltr'><strong>sas</strong></span> <span class='ocrx_word' id='word_1_136' title='bbox 742 2839 918 2923; x_wconf 90' lang='lat' dir='ltr'><strong>apud</strong></span> <span class='ocrx_word' id='word_1_137' title='bbox 961 2860 1069 2904; x_wconf 91' lang='lat' dir='ltr'><strong>eos</strong></span> <span class='ocrx_word' id='word_1_138' title='bbox 1113 2860 1447 2923; x_wconf 85' lang='lat' dir='ltr'><strong>exponere,</strong></span> <span class='ocrx_word' id='word_1_139' title='bbox 1494 2860 1718 2903; x_wconf 86' lang='lat' dir='ltr'><strong>eorum</strong></span> <span class='ocrx_word' id='word_1_140' title='bbox 1766 2861 1990 2923; x_wconf 90' lang='lat' dir='ltr'><strong>parere</strong></span> <span class='ocrx_word' id='word_1_141' title='bbox 2043 2842 2382 2905; x_wconf 88' lang='lat' dir='ltr'><strong>sententiae</strong></span> <span class='ocrx_word' id='word_1_142' title='bbox 2428 2849 2495 2906; x_wconf 93' lang='lat' dir='ltr'><strong>et</strong></span> 
     </span>
     <span class='ocr_line' id='line_1_21' title="bbox 587 2941 2494 3025; baseline 0.002 -21"><span class='ocrx_word' id='word_1_143' title='bbox 587 2942 1013 3006; x_wconf 89' lang='lat' dir='ltr'><strong>reverentiam</strong></span> <span class='ocrx_word' id='word_1_144' title='bbox 1034 2941 1390 3025; x_wconf 85' lang='lat' dir='ltr'><strong>judiciariae</strong></span> <span class='ocrx_word' id='word_1_145' title='bbox 1418 2941 1727 3025; x_wconf 85' lang='lat' dir='ltr'><strong>potestati</strong></span> <span class='ocrx_word' id='word_1_146' title='bbox 1760 2941 2047 3006; x_wconf 87' lang='lat' dir='ltr'><strong>debitam</strong></span> <span class='ocrx_word' id='word_1_147' title='bbox 2082 2943 2154 3006; x_wconf 90' lang='lat' dir='ltr'><strong>in</strong></span> <span class='ocrx_word' id='word_1_148' title='bbox 2193 2943 2494 3007; x_wconf 91' lang='lat' dir='ltr'><strong>omnibus</strong></span> 
     </span>
     <span class='ocr_line' id='line_1_22' title="bbox 588 3043 2495 3128; baseline 0.002 -22"><span class='ocrx_word' id='word_1_149' title='bbox 588 3043 887 3107; x_wconf 86' lang='lat' dir='ltr'><strong>exhibere</strong></span> <span class='ocrx_word' id='word_1_150' title='bbox 916 3065 1051 3107; x_wconf 92' lang='lat' dir='ltr'><strong>non</strong></span> <span class='ocrx_word' id='word_1_151' title='bbox 1082 3043 1476 3108; x_wconf 61' lang='lat' dir='ltr'><strong>omittamus</strong></span> <span class='ocrx_word' id='word_1_152' title='bbox 1569 3044 1736 3128; x_wconf 90' lang='lat' dir='ltr'><strong>Ipsis</strong></span> <span class='ocrx_word' id='word_1_153' title='bbox 1775 3044 1995 3127; x_wconf 90' lang='lat' dir='ltr'><strong>itaque</strong></span> <span class='ocrx_word' id='word_1_154' title='bbox 2033 3053 2322 3109; x_wconf 86' lang='lat' dir='ltr'><strong>nostram</strong></span> <span class='ocrx_word' id='word_1_155' title='bbox 2365 3067 2495 3110; x_wconf 88' lang='lat' dir='ltr'><strong>una</strong></span> 
     </span>
     <span class='ocr_line' id='line_1_23' title="bbox 588 3144 2492 3229; baseline 0.002 -20"><span class='ocrx_word' id='word_1_156' title='bbox 588 3165 740 3209; x_wconf 89' lang='lat' dir='ltr'><strong>cum</strong></span> <span class='ocrx_word' id='word_1_157' title='bbox 779 3144 1041 3209; x_wconf 90' lang='lat' dir='ltr'><strong>domino</strong></span> <span class='ocrx_word' id='word_1_158' title='bbox 1081 3153 1302 3209; x_wconf 89' lang='lat' dir='ltr'><strong>nostro</strong></span> <span class='ocrx_word' id='word_1_159' title='bbox 1339 3167 1491 3228; x_wconf 83' lang='lat' dir='ltr'><strong>rege</strong></span> <span class='ocrx_word' id='word_1_160' title='bbox 1529 3147 1938 3229; x_wconf 88' lang='lat' dir='ltr'><strong>praesentiam</strong></span> <span class='ocrx_word' id='word_1_161' title='bbox 1978 3147 2275 3211; x_wconf 86' lang='lat' dir='ltr'><strong>exhibere</strong></span> <span class='ocrx_word' id='word_1_162' title='bbox 2311 3169 2492 3212; x_wconf 89' lang='lat' dir='ltr'><strong>cura-</strong></span> 
     </span>
     <span class='ocr_line' id='line_1_24' title="bbox 587 3247 2495 3333; baseline 0.002 -23"><span class='ocrx_word' id='word_1_163' title='bbox 587 3247 817 3326; x_wconf 76' lang='lat' dir='ltr'><strong>vimuS,</strong></span> <span class='ocrx_word' id='word_1_164' title='bbox 868 3253 1163 3331; x_wconf 89' lang='lat' dir='ltr'><strong>optantes</strong></span> <span class='ocrx_word' id='word_1_165' title='bbox 1218 3247 1462 3330; x_wconf 89' lang='lat' dir='ltr'><strong>pariter</strong></span> <span class='ocrx_word' id='word_1_166' title='bbox 1518 3255 1585 3310; x_wconf 92' lang='lat' dir='ltr'><strong>et</strong></span> <span class='ocrx_word' id='word_1_167' title='bbox 1645 3254 2017 3329; x_wconf 87' lang='lat' dir='ltr'><strong>expetentes</strong></span> <span class='ocrx_word' id='word_1_168' title='bbox 2075 3252 2292 3315; x_wconf 90' lang='lat' dir='ltr'><strong>omnia</strong></span> <span class='ocrx_word' id='word_1_169' title='bbox 2352 3271 2495 3333; x_wconf 83' lang='lat' dir='ltr'><strong>quae</strong></span> 
     </span>
     <span class='ocr_line' id='line_1_25' title="bbox 586 3348 2490 3431; baseline 0.002 -19"><span class='ocrx_word' id='word_1_170' title='bbox 586 3348 760 3412; x_wconf 90' lang='lat' dir='ltr'><strong>inter</strong></span> <span class='ocrx_word' id='word_1_171' title='bbox 818 3348 1155 3412; x_wconf 90' lang='lat' dir='ltr'><strong>dominum</strong></span> <span class='ocrx_word' id='word_1_172' title='bbox 1213 3354 1510 3413; x_wconf 90' lang='lat' dir='ltr'><strong>nostrum</strong></span> <span class='ocrx_word' id='word_1_173' title='bbox 1566 3369 1789 3431; x_wconf 84' lang='lat' dir='ltr'><strong>regem</strong></span> <span class='ocrx_word' id='word_1_174' title='bbox 1837 3355 2180 3413; x_wconf 89' lang='lat' dir='ltr'><strong>vertuntur</strong></span> <span class='ocrx_word' id='word_1_175' title='bbox 2238 3358 2304 3414; x_wconf 94' lang='lat' dir='ltr'><strong>et</strong></span> <span class='ocrx_word' id='word_1_176' title='bbox 2362 3372 2490 3429; x_wconf 77' lang='lat' dir='ltr'><strong>voS,</strong></span> 
     </span>
     <span class='ocr_line' id='line_1_26' title="bbox 587 3451 2493 3534; baseline 0.001 -18"><span class='ocrx_word' id='word_1_177' title='bbox 587 3451 781 3516; x_wconf 90' lang='lat' dir='ltr'><strong>simul</strong></span> <span class='ocrx_word' id='word_1_178' title='bbox 832 3458 899 3516; x_wconf 91' lang='lat' dir='ltr'><strong>et</strong></span> <span class='ocrx_word' id='word_1_179' title='bbox 950 3472 1027 3515; x_wconf 92' lang='lat' dir='ltr'><strong>ea</strong></span> <span class='ocrx_word' id='word_1_180' title='bbox 1075 3473 1217 3534; x_wconf 77' lang='lat' dir='ltr'><strong>quse</strong></span> <span class='ocrx_word' id='word_1_181' title='bbox 1261 3473 1382 3515; x_wconf 90' lang='lat' dir='ltr'><strong>nos</strong></span> <span class='ocrx_word' id='word_1_182' title='bbox 1429 3451 1822 3533; x_wconf 86' lang='lat' dir='ltr'><strong>contingunt</strong></span> <span class='ocrx_word' id='word_1_183' title='bbox 1873 3451 1993 3515; x_wconf 91' lang='lat' dir='ltr'><strong>sub</strong></span> <span class='ocrx_word' id='word_1_184' title='bbox 2042 3453 2174 3516; x_wconf 92' lang='lat' dir='ltr'><strong>sole</strong></span> <span class='ocrx_word' id='word_1_185' title='bbox 2220 3453 2377 3532; x_wconf 91' lang='lat' dir='ltr'><strong>fieri,</strong></span> <span class='ocrx_word' id='word_1_186' title='bbox 2427 3460 2493 3518; x_wconf 91' lang='lat' dir='ltr'><strong>et</strong></span> 
     </span>
     <span class='ocr_line' id='line_1_27' title="bbox 579 3553 2495 3639; baseline 0 -20"><span class='ocrx_word' id='word_1_187' title='bbox 579 3556 770 3638; x_wconf 85' lang='lat' dir='ltr'><strong>juxta</strong></span> <span class='ocrx_word' id='word_1_188' title='bbox 819 3554 1153 3639; x_wconf 89' lang='lat' dir='ltr'><strong>apostolici</strong></span> <span class='ocrx_word' id='word_1_189' title='bbox 1199 3555 1475 3618; x_wconf 89' lang='lat' dir='ltr'><strong>formam</strong></span> <span class='ocrx_word' id='word_1_190' title='bbox 1526 3553 1819 3618; x_wconf 90' lang='lat' dir='ltr'><strong>mandati</strong></span> <span class='ocrx_word' id='word_1_191' title='bbox 1878 3553 2214 3618; x_wconf 89' lang='lat' dir='ltr'><strong>diffinitiva</strong></span> <span class='ocrx_word' id='word_1_192' title='bbox 2270 3576 2495 3620; x_wconf 90' lang='lat' dir='ltr'><strong>eorum</strong></span> 
     </span>
     <span class='ocr_line' id='line_1_28' title="bbox 587 3656 2492 3739; baseline 0.001 -18"><span class='ocrx_word' id='word_1_193' title='bbox 587 3657 912 3722; x_wconf 86' lang='lat' dir='ltr'><strong>sententia</strong></span> <span class='ocrx_word' id='word_1_194' title='bbox 956 3657 1312 3721; x_wconf 82' lang='lat' dir='ltr'><strong>terminari.</strong></span> <span class='ocrx_word' id='word_1_195' title='bbox 1402 3657 1677 3721; x_wconf 85' lang='lat' dir='ltr'><strong>Constat</strong></span> <span class='ocrx_word' id='word_1_196' title='bbox 1723 3656 1942 3739; x_wconf 90' lang='lat' dir='ltr'><strong>itaque</strong></span> <span class='ocrx_word' id='word_1_197' title='bbox 1989 3677 2124 3720; x_wconf 93' lang='lat' dir='ltr'><strong>non</strong></span> <span class='ocrx_word' id='word_1_198' title='bbox 2170 3656 2492 3722; x_wconf 82' lang='lat' dir='ltr'><strong>subterfu-</strong></span> 
     </span>
     <span class='ocr_line' id='line_1_29' title="bbox 587 3760 2493 3846; baseline 0.002 -22"><span class='ocrx_word' id='word_1_199' title='bbox 587 3762 754 3843; x_wconf 87' lang='lat' dir='ltr'><strong>gisse</strong></span> <span class='ocrx_word' id='word_1_200' title='bbox 789 3761 1108 3846; x_wconf 89' lang='lat' dir='ltr'><strong>judicium</strong></span> <span class='ocrx_word' id='word_1_201' title='bbox 1147 3782 1308 3845; x_wconf 91' lang='lat' dir='ltr'><strong>quos</strong></span> <span class='ocrx_word' id='word_1_202' title='bbox 1354 3761 1436 3825; x_wconf 89' lang='lat' dir='ltr'><strong>ad</strong></span> <span class='ocrx_word' id='word_1_203' title='bbox 1472 3760 1793 3844; x_wconf 85' lang='lat' dir='ltr'><strong>judicium</strong></span> <span class='ocrx_word' id='word_1_204' title='bbox 1823 3760 2234 3825; x_wconf 85' lang='lat' dir='ltr'><strong>subeundum</strong></span> <span class='ocrx_word' id='word_1_205' title='bbox 2263 3763 2395 3826; x_wconf 91' lang='lat' dir='ltr'><strong>suis</strong></span> <span class='ocrx_word' id='word_1_206' title='bbox 2424 3784 2493 3827; x_wconf 82' lang='lat' dir='ltr'><strong>se</strong></span> 
     </span>
     <span class='ocr_line' id='line_1_30' title="bbox 588 3860 2491 3948; baseline 0.001 -19"><span class='ocrx_word' id='word_1_207' title='bbox 588 3871 840 3929; x_wconf 89' lang='lat' dir='ltr'><strong>constat</strong></span> <span class='ocrx_word' id='word_1_208' title='bbox 864 3864 1198 3948; x_wconf 85' lang='lat' dir='ltr'><strong>judicibus</strong></span> <span class='ocrx_word' id='word_1_209' title='bbox 1220 3865 1576 3933; x_wconf 49' lang='lat' dir='ltr'><strong>obtulisse..</strong></span> <span class='ocrx_word' id='word_1_210' title='bbox 1628 3865 1804 3927; x_wconf 87' lang='lat' dir='ltr'><strong>Data</strong></span> <span class='ocrx_word' id='word_1_211' title='bbox 1840 3860 1989 3928; x_wconf 79' lang='lat' dir='ltr'><strong>vero</strong></span> <span class='ocrx_word' id='word_1_212' title='bbox 2031 3885 2224 3947; x_wconf 87' lang='lat' dir='ltr'><strong>opera</strong></span> <span class='ocrx_word' id='word_1_213' title='bbox 2264 3887 2491 3948; x_wconf 76' lang='lat' dir='ltr'><strong>procu-</strong></span> 
     </span>
     <span class='ocr_line' id='line_1_31' title="bbox 587 3967 2492 4051; baseline 0.003 -23"><span class='ocrx_word' id='word_1_214' title='bbox 587 3986 780 4043; x_wconf 89' lang='lat' dir='ltr'><strong>rasse,</strong></span> <span class='ocrx_word' id='word_1_215' title='bbox 820 3988 905 4030; x_wconf 93' lang='lat' dir='ltr'><strong>ne</strong></span> <span class='ocrx_word' id='word_1_216' title='bbox 945 3968 1057 4051; x_wconf 87' lang='lat' dir='ltr'><strong>qui</strong></span> <span class='ocrx_word' id='word_1_217' title='bbox 1094 3968 1177 4033; x_wconf 96' lang='lat' dir='ltr'><strong>ob</strong></span> <span class='ocrx_word' id='word_1_218' title='bbox 1216 3989 1441 4050; x_wconf 85' lang='lat' dir='ltr'><strong>pacem</strong></span> <span class='ocrx_word' id='word_1_219' title='bbox 1479 3973 1810 4046; x_wconf 85' lang='lat' dir='ltr'><strong>venerant,</strong></span> <span class='ocrx_word' id='word_1_220' title='bbox 1849 3967 2024 4050; x_wconf 79' lang='lat' dir='ltr'><strong>pacis</strong></span> <span class='ocrx_word' id='word_1_221' title='bbox 2061 3968 2492 4051; x_wconf 84' lang='lat' dir='ltr'><strong>fungerentur</strong></span> 
     </span>
     <span class='ocr_line' id='line_1_32' title="bbox 588 4069 2495 4155; baseline 0.003 -24"><span class='ocrx_word' id='word_1_222' title='bbox 588 4069 815 4147; x_wconf 90' lang='lat' dir='ltr'><strong>offici0,</strong></span> <span class='ocrx_word' id='word_1_223' title='bbox 835 4070 988 4152; x_wconf 85' lang='lat' dir='ltr'><strong>quid</strong></span> <span class='ocrx_word' id='word_1_224' title='bbox 1016 4077 1114 4134; x_wconf 90' lang='lat' dir='ltr'><strong>est</strong></span> <span class='ocrx_word' id='word_1_225' title='bbox 1144 4072 1320 4134; x_wconf 90' lang='lat' dir='ltr'><strong>aliud</strong></span> <span class='ocrx_word' id='word_1_226' title='bbox 1347 4071 1476 4135; x_wconf 90' lang='lat' dir='ltr'><strong>nisi</strong></span> <span class='ocrx_word' id='word_1_227' title='bbox 1504 4071 1943 4136; x_wconf 89' lang='lat' dir='ltr'><strong>turbationem</strong></span> <span class='ocrx_word' id='word_1_228' title='bbox 1971 4071 2252 4135; x_wconf 85' lang='lat' dir='ltr'><strong>ecclesiae</strong></span> <span class='ocrx_word' id='word_1_229' title='bbox 2279 4079 2495 4155; x_wconf 81' lang='lat' dir='ltr'><strong>prote·-</strong></span> 
     </span>
     <span class='ocr_line' id='line_1_33' title="bbox 588 4171 2491 4259; baseline 0.002 -25"><span class='ocrx_word' id='word_1_230' title='bbox 588 4171 752 4234; x_wconf 90' lang='lat' dir='ltr'><strong>lasse</strong></span> <span class='ocrx_word' id='word_1_231' title='bbox 791 4178 858 4235; x_wconf 91' lang='lat' dir='ltr'><strong>et</strong></span> <span class='ocrx_word' id='word_1_232' title='bbox 897 4172 1034 4254; x_wconf 87' lang='lat' dir='ltr'><strong>ejus</strong></span> <span class='ocrx_word' id='word_1_233' title='bbox 1075 4173 1328 4256; x_wconf 86' lang='lat' dir='ltr'><strong>spiritui</strong></span> <span class='ocrx_word' id='word_1_234' title='bbox 1356 4174 1472 4259; x_wconf 88' lang='lat' dir='ltr'><strong>qui</strong></span> <span class='ocrx_word' id='word_1_235' title='bbox 1510 4174 1623 4252; x_wconf 89' lang='lat' dir='ltr'><strong>ait,</strong></span> <span class='ocrx_word' id='word_1_236' title='bbox 1657 4173 1915 4237; x_wconf 87' lang='lat' dir='ltr'><strong>Habete</strong></span> <span class='ocrx_word' id='word_1_237' title='bbox 1954 4174 2050 4236; x_wconf 86' lang='lat' dir='ltr'><strong>sal</strong></span> <span class='ocrx_word' id='word_1_238' title='bbox 2091 4173 2162 4237; x_wconf 89' lang='lat' dir='ltr'><strong>in</strong></span> <span class='ocrx_word' id='word_1_239' title='bbox 2201 4173 2379 4237; x_wconf 83' lang='lat' dir='ltr'><strong>vobis</strong></span> <span class='ocrx_word' id='word_1_240' title='bbox 2424 4180 2491 4237; x_wconf 86' lang='lat' dir='ltr'><strong>et</strong></span> 
     </span>
     <span class='ocr_line' id='line_1_34' title="bbox 587 4273 2491 4357; baseline 0 -20"><span class='ocrx_word' id='word_1_241' title='bbox 587 4295 813 4357; x_wconf 88' lang='lat' dir='ltr'><strong>pacem</strong></span> <span class='ocrx_word' id='word_1_242' title='bbox 848 4273 1082 4338; x_wconf 85' lang='lat' dir='ltr'><strong>habete</strong></span> <span class='ocrx_word' id='word_1_243' title='bbox 1119 4275 1290 4338; x_wconf 88' lang='lat' dir='ltr'><strong>inter</strong></span> <span class='ocrx_word' id='word_1_244' title='bbox 1327 4297 1456 4354; x_wconf 90' lang='lat' dir='ltr'><strong>vos,</strong></span> <span class='ocrx_word' id='word_1_245' title='bbox 1497 4276 1904 4340; x_wconf 88' lang='lat' dir='ltr'><strong>animositate</strong></span> <span class='ocrx_word' id='word_1_246' title='bbox 1941 4276 2108 4339; x_wconf 80' lang='lat' dir='ltr'><strong>forte</strong></span> <span class='ocrx_word' id='word_1_247' title='bbox 2146 4274 2350 4337; x_wconf 87' lang='lat' dir='ltr'><strong>nimia</strong></span> <span class='ocrx_word' id='word_1_248' title='bbox 2388 4296 2491 4338; x_wconf 87' lang='lat' dir='ltr'><strong>re-</strong></span> 
     </span>
     <span class='ocr_line' id='line_1_35' title="bbox 589 4376 2490 4462; baseline 0 -20"><span class='ocrx_word' id='word_1_249' title='bbox 589 4378 828 4442; x_wconf 83' lang='lat' dir='ltr'><strong>stitisse</strong></span> <span class='ocrx_word' id='word_1_250' title='bbox 844 4380 873 4440; x_wconf 79' lang='lat'><strong>?</strong></span> <span class='ocrx_word' id='word_1_251' title='bbox 962 4377 1071 4442; x_wconf 92' lang='lat' dir='ltr'><strong>Ad</strong></span> <span class='ocrx_word' id='word_1_252' title='bbox 1112 4377 1363 4462; x_wconf 85' lang='lat' dir='ltr'><strong>judices</strong></span> <span class='ocrx_word' id='word_1_253' title='bbox 1414 4401 1493 4443; x_wconf 82' lang='lat' dir='ltr'><strong>ex</strong></span> <span class='ocrx_word' id='word_1_254' title='bbox 1542 4380 1850 4444; x_wconf 86' lang='lat' dir='ltr'><strong>mandato</strong></span> <span class='ocrx_word' id='word_1_255' title='bbox 1896 4376 2372 4462; x_wconf 88' lang='lat' dir='ltr'><strong>properavimus</strong></span> <span class='ocrx_word' id='word_1_256' title='bbox 2423 4384 2490 4442; x_wconf 87' lang='lat' dir='ltr'><strong>et</strong></span> 
     </span>
     <span class='ocr_line' id='line_1_36' title="bbox 587 4477 2491 4565; baseline -0.002 -20"><span class='ocrx_word' id='word_1_257' title='bbox 587 4502 733 4547; x_wconf 88' lang='lat' dir='ltr'><strong>ecce</strong></span> <span class='ocrx_word' id='word_1_258' title='bbox 778 4481 888 4565; x_wconf 79' lang='lat' dir='ltr'><strong>qui</strong></span> <span class='ocrx_word' id='word_1_259' title='bbox 935 4503 1053 4545; x_wconf 82' lang='lat' dir='ltr'><strong>nos</strong></span> <span class='ocrx_word' id='word_1_260' title='bbox 1099 4480 1367 4545; x_wconf 87' lang='lat' dir='ltr'><strong>audiant</strong></span> <span class='ocrx_word' id='word_1_261' title='bbox 1410 4502 1545 4546; x_wconf 90' lang='lat' dir='ltr'><strong>non</strong></span> <span class='ocrx_word' id='word_1_262' title='bbox 1585 4480 1919 4545; x_wconf 88' lang='lat' dir='ltr'><strong>habemus.</strong></span> <span class='ocrx_word' id='word_1_263' title='bbox 2011 4477 2207 4543; x_wconf 88' lang='lat' dir='ltr'><strong>Unde</strong></span> <span class='ocrx_word' id='word_1_264' title='bbox 2250 4499 2335 4542; x_wconf 93' lang='lat' dir='ltr'><strong>ne</strong></span> <span class='ocrx_word' id='word_1_265' title='bbox 2379 4500 2491 4562; x_wconf 76' lang='lat' dir='ltr'><strong>ap·-</strong></span> 
     </span>
    </p>
   </div>
  </div>
 </body>
</html>
