3200 5392
577 974 711 1016 Λα).
749 953 1142 1035 1161—89.]
1244 973 1745 1016 LoNnomnNsls
1778 973 2127 1016 nmsvromn.
2393 956 2479 1019 3⁷

577 1089 977 1166 confidimUS,
1020 1109 1169 1152 cum
1213 1088 1391 1152 omni
1435 1088 1777 1151 sedulitate
1820 1109 2142 1171 rogamus,
2175 1090 2480 1170 quatinus

578 1194 657 1256 R.
692 1192 1137 1257 archidiacono
1175 1190 1561 1275 jamdudum
1601 1190 1830 1254 clerico
1873 1196 1938 1254 et
1985 1190 2189 1254 amico
2235 1199 2476 1269 nostr0,

570 1296 900 1359 ecclesiam
954 1295 1160 1358 sancti
1213 1296 1255 1358 J
1257 1294 1550 1371 ohanniS‚
1606 1314 1802 1377 quam
1862 1293 1985 1357 sibi
2036 1315 2076 1356 a
2126 1293 2477 1357 Lamberto

573 1418 817 1461 cessam
847 1419 983 1462 esse
1014 1398 1395 1480 accepimus,
1427 1397 1812 1474 concedatis,
1845 1404 1911 1460 et
1940 1396 2094 1461 inde
2122 1397 2297 1461 vobis
2327 1419 2475 1461 eum

571 1500 873 1564 clericum
904 1500 1206 1565 devotum
1248 1507 1314 1564 et
1353 1500 1631 1577 fidelem,
1663 1505 2030 1563 nostrarum
2070 1521 2333 1582 precum
2377 1501 2477 1563 in-

569 1608 869 1666 terventu
913 1602 1312 1667 constituere
1355 1602 1730 1686 procuretis,
1770 1608 1846 1664 ut
1891 1600 1971 1665 de
2013 1608 2239 1665 vestrae
2285 1603 2476 1666 dilec-

570 1705 764 1769 tionis
809 1707 1065 1783 effectU,
1097 1727 1247 1769 cum
1292 1705 1584 1788 ampliori
1628 1705 2081 1788 praesumtione
2122 1704 2203 1768 de
2246 1714 2475 1770 caetero

568 1808 884 1891 possimus
920 1807 1241 1872 confidere
1280 1816 1347 1871 et
1388 1829 1530 1872 eam
1567 1806 1798 1871 exinde
1835 1807 2180 1871 debeamus
2220 1830 2296 1871 ex
2341 1830 2474 1872 me-

566 1910 708 1973 ritis
759 1911 1231 1976 commendare.
1323 1910 1650 1992 Quicquid
1700 1910 1876 1973 enim
1926 1909 2347 1974 humanitatis
2407 1918 2472 1975 et

567 2013 790 2094 gratiae
848 2018 1086 2076 nostrae
1145 2013 1500 2095 praesertim
1573 2011 1902 2095 petitionis
1961 2011 2255 2091 obtentu,
2316 2013 2377 2076 ei
2435 2034 2474 2076 a

566 2114 744 2177 vobis
794 2114 1158 2196 impensum
1217 2114 1353 2177 fore
1411 2114 1798 2190 noverimus,
1857 2135 1992 2177 non
2042 2114 2229 2178 aliter
2279 2137 2471 2197 quam

565 2216 754 2280 nobis
804 2216 1171 2299 impensum
1232 2223 1489 2299 gratum
1546 2214 1930 2279 habebimus
1990 2224 2055 2279 et
2116 2224 2470 2299 acceptum.

567 2318 814 2382 Valete.

873 2633 1316 2697 EPISTOLA
1362 2632 1900 2697 CCXCIX.—An
1943 2680 2157 2696 .....

561 2784 734 2846 Inter
799 2785 1014 2847 mundi
1071 2785 1252 2866 hujus
1308 2786 1660 2860 varietates,
1716 2784 1865 2845 illuc
1922 2783 2193 2864 dinyere
2251 2783 2472 2845 mentis

731 2886 1041 2963 intuitum,
1071 2886 1177 2949 ubi
1205 2888 1441 2949 nullum
1470 2891 1562 2949 est
1589 2886 1919 2949 varietatis
1933 2887 2302 2966 periculum.

652 3033 834 3099 Quos
863 3035 1167 3099 honestas
1197 3036 1344 3099 vitae
1374 3035 1782 3099 commendat
1815 3036 1894 3099 ad
1927 3035 2220 3118 gratiam,
2253 3041 2318 3098 et
2347 3034 2469 3117 piis

561 3136 806 3201 meritis
838 3138 1090 3222 jamdiu
1131 3137 1454 3202 declarata
1492 3138 1739 3220 religio,
1787 3138 1887 3201 his
1936 3137 2107 3222 apud
2159 3136 2467 3200 serenita-

561 3245 696 3301 tem
735 3245 1012 3303 vestram
1053 3247 1118 3303 et
1159 3241 1657 3304 conversationis
1696 3241 1985 3304 honestae
2022 3238 2467 3303 testimonium

560 3338 897 3423 perhibere
937 3343 1186 3424 justum
1219 3348 1334 3418 est,
1371 3350 1436 3404 et
1465 3349 1541 3404 ut
1570 3342 1640 3403 in
1665 3342 1857 3424 justis
1888 3341 2305 3424 petitionibus
2337 3341 2469 3403 suis

561 3463 600 3505 a
627 3450 838 3505 vestra
867 3444 1075 3524 gratia
1104 3442 1453 3506 clementer
1484 3443 1929 3520 exaudiantur,
1962 3443 2186 3506 devote
2216 3462 2465 3525 porrec-

557 3542 642 3605 tis
685 3542 981 3624 precibus
1026 3531 1330 3605 exorare.⁸
1396 3541 1684 3605 Ecclesia
1713 3541 2029 3624 siquidem
2059 3547 2297 3603 sanctae
2326 3537 2465 3601 'Pri-

558 3644 801 3723 nitatis,
835 3666 978 3727 quae
1022 3667 1062 3708 a
1103 3644 1290 3709 bonae
1336 3644 1657 3708 memoriae
1701 3644 1998 3722 Matilde,
2040 3642 2288 3706 dudum
2325 3643 2463 3704 An-

559 3748 702 3830 gliae
746 3748 988 3831 regina,
1026 3747 1380 3812 Londoniae
1425 3748 1737 3812 aedificata
1782 3756 1899 3825 est,
1932 3755 1998 3811 et
2042 3747 2314 3810 honesto
2359 3767 2460 3810 ca·

557 3851 938 3913 nonicorum
982 3851 1376 3932 regularium
1421 3859 1747 3914 conventu
1790 3850 2093 3913 nobiliter
2138 3849 2459 3925 instituta,

557 3952 637 4015 ab
688 3952 828 4035 ipsa
872 3973 990 4015 sua
1034 3952 1193 4015 fund
1201 3953 1415 4015 atione
1461 3973 1667 4034 usque
1720 3973 1895 4015 nunc
1944 3959 2009 4014 et
2057 3950 2459 4034 plenitudine

557 4054 840 4117 caritatis
892 4061 958 4117 et
1016 4054 1296 4138 suscepti
1349 4076 1388 4116 a
1439 4075 1506 4117 se
1558 4054 1800 4117 ordinis
1848 4053 2270 4129 observantia,
2330 4052 2461 4115 late

555 4155 804 4232 claruit,
836 4161 902 4219 et
947 4155 1157 4218 odoris
1202 4154 1359 4218 boni
1406 4155 1788 4219 suavitatem
1839 4154 2196 4218 emittendo
2243 4175 2320 4216 ex
2370 4175 2460 4230 se,

556 4257 802 4321 caeteris
832 4258 931 4320 sui
961 4257 1200 4321 ordinis
1231 4258 1509 4321 ecclesiis
1539 4258 1714 4321 velut
1755 4257 2083 4341 speculum
2115 4256 2458 4339 quoddam,

558 4366 625 4423 et
665 4359 986 4423 defaecatae
1023 4361 1350 4444 religionis
1382 4361 1706 4443 exemplar
1735 4360 2017 4424 emicuit.
2110 4358 2276 4424 Quae
2310 4378 2460 4421 cum

559 4461 642 4524 ad
698 4482 976 4545 praesens
1035 4463 1105 4525 in
1165 4463 1392 4527 oborta
1451 4462 1570 4527 sibi
1630 4463 2031 4539 necessitate,
2082 4459 2461 4542 interposita

556 4563 980 4647 appellatione
1011 4563 1373 4646 confugerit
1415 4563 1497 4626 ad
1535 4585 1666 4641 vos,
1700 4584 1848 4627 cum
1886 4562 2258 4646 postulante
2296 4560 2457 4643 peti-
