3200 5392
582 912 719 961 A.n.·
756 896 1159 981 1161—89]
1240 916 1573 963 nr1s¹roLAE
1606 917 1930 968 QUAEDAM.
2357 900 2481 962 137

584 1035 840 1113 siastici,
887 1039 1150 1117 excepto
1192 1033 1596 1116 imperatore,
1644 1038 1710 1095 et
1762 1032 2147 1111 Coloniensi,
2203 1037 2269 1097 et
2320 1033 2482 1097 duce

587 1135 899 1200 Saxoniae.
990 1132 1571 1218 Magdeburgensis
1600 1155 1810 1218 nuper
1837 1134 2028 1198 rediit
2069 1134 2148 1198 de
2180 1132 2481 1198 Hieroso-

508 1251 511 1252 ’
582 1239 775 1323 lyma,
808 1245 874 1302 et
918 1244 1143 1321 captus
1182 1259 1221 1301 a
1259 1237 1592 1301 Saracenis
1622 1237 1812 1314 vovit,
1853 1237 2043 1319 quod,
2086 1237 2141 1300 si
2182 1236 2483 1301 liberare-

582 1348 711 1419 tur,
737 1341 997 1406 domino
1025 1362 1205 1426 papae
1232 1339 1573 1404 manifeste
1603 1339 1976 1405 adhaereret.
2037 1340 2126 1404 Et
2155 1340 2248 1403 ita
2275 1339 2480 1403 mani-

582 1445 744 1509 feste
774 1444 948 1509 facit.

619 1759 1062 1823 EPISTOLA
1107 1759 1987 1825 CCCXOV111.—mnsnffl
2016 1779 2110 1821 An
2141 1778 2443 1824 EUNDEM.

584 1910 862 1973 Amabilz·
894 1911 1077 1990 patri
1104 1909 1177 1988 fet
1206 1908 1418 1990 fratri
1461 1911 1781 1988 carissimo
1828 1912 2086 1986 Tkomae,
2116 1912 2241 1973 Dei
2273 1914 2490 1992 qratia

678 2014 1110 2075 Cantuam’ensi
1139 2014 1614 2093 archiepiscope,
1654 2014 1799 2076 Otto
1828 2014 2041 2077 eadem
2063 2015 2280 2095 qratia
2308 2033 2487 2076 sanc-

677 2121 754 2177 tae
784 2116 1075 2177 Romame
1119 2115 1384 2176 ecclesiae
1414 2115 1709 2178 diaconus
1753 2116 2111 2193 cardinalis,
2143 2122 2204 2178 et
2246 2122 2489 2195 aposto-

677 2218 808 2279 licae
838 2216 1002 2278 sedis
1034 2203 1288 2297 legatus,
1320 2217 1600 2279 salutem.

674 2367 1181 2443 NorlchMUS,
1236 2366 1578 2445 carissime,
1642 2365 2001 2450 dilectioni]
2020 2373 2265 2444 vestrae,
2321 2366 2490 2448 quod

588 2490 666 2532 ex
709 2468 1016 2532 mandato
1063 2468 1307 2532 domini
1353 2490 1534 2550 papae
1570 2468 1987 2551 procedentes
2031 2489 2146 2552 per
2188 2468 2491 2532 insidiosa

588 2578 654 2637 et
712 2570 1063 2654 plurimum
1120 2570 1475 2653 periculosa
1531 2570 1691 2649 loca,
1745 2588 1948 2653 usque
1994 2571 2076 2634 ad
2123 2572 2487 2650 Venetiam,

588 2674 870 2738 Domino
930 2673 1226 2751 ducente,
1259 2672 1703 2756 Jpervenimus,
1757 2674 2034 2737 inimicis
2081 2675 2319 2738 nostris
2370 2697 2491 2738 un-

590 2776 782 2859 dique
809 2776 882 2839 in
908 2775 1158 2844 insidiis
1188 2775 1690 2840 excubantibus:
1723 2797 1947 2840 eorum
1976 2776 2187 2859 laquei
2210 2777 2492 2842 Domino

588 2879 864 2943 faciente
893 2877 1155 2942 contriti
1180 2884 1357 2956 sunt,
1389 2884 1455 2942 et
1494 2899 1614 2942 nos
1651 2877 1905 2942 liberati
1936 2900 2178 2943 sumus.
2269 2882 2333 2943 A
2359 2880 2491 2943 Ve-

589 2982 768 3046 netia
812 2988 1048 3061 autem,
1080 3003 1217 3046 non
1259 2982 1444 3060 clam,
1483 2981 1596 3045 sed
1640 2981 1981 3047 manifeste
2024 3003 2172 3046 cum
2215 2983 2495 3065 plurimo

593 3086 827 3169 gaudio
874 3092 941 3149 et
999 3086 1350 3150 amicorum
1401 3092 1767 3150 nostrorum
1826 3085 2035 3149 multo
2087 3085 2333 3166 solati0,
2382 3073 2517 3170 perv

593 3188 961 3262 Mantuam,
1022 3192 1087 3248 et
1138 3205 1252 3268 per
1303 3185 1653 3277 Veronam,
1701 3207 1815 3269 per
1872 3188 2148 3269 patriam
2206 3194 2492 3252 nostram

596 3286 903 3364 Brixiam,
936 3285 1048 3348 ubi
1091 3285 1441 3368 plurimum
1485 3286 1726 3348 fuimus
1771 3289 2170 3366 commorati,
2197 3309 2313 3372 per
2341 3290 2494 3353 Per-

597 3411 879 3475 gamum,
911 3410 1026 3473 per
1059 3388 1528 3465 Mediolanum,
1564 3388 1754 3471 juxta
1791 3387 2159 3466 Novariam,
2191 3409 2306 3472 per
2335 3390 2496 3453 Ver-

596 3494 805 3572 cellaS,
823 3494 1013 3576 juxta
1033 3491 1408 3568 Taurinum,
1432 3496 1844 3553 transeuntes
1867 3510 2070 3572 usque
2097 3491 2178 3554 ad
2204 3497 2499 3555 sanctum

594 3598 986 3663 Michaelem
1017 3595 1097 3660 de
1128 3594 1343 3672 Clusa,
1376 3599 1442 3657 et
1474 3592 1703 3672 exinde
1731 3613 1845 3675 per
1872 3593 2265 3677 provinciam
2292 3615 2496 3678 usque

596 3701 680 3765 ad
726 3706 1024 3764 sanctum
1073 3695 1412 3780 AEgidium
1457 3695 1810 3759 incolumes
1858 3702 1925 3760 et
1974 3695 2159 3759 illaesi
2208 3697 2498 3779 perveni-

595 3826 761 3883 muS,
784 3804 938 3867 inde
967 3801 1049 3866 ad
1077 3806 1369 3864 montem
1398 3797 1823 3862 Pessulanum
1853 3798 2211 3862 transituri.
2300 3800 2500 3864 Veni-

599 3913 749 3971 ente
793 3904 1054 3970 domino
1082 3902 1171 3965 W
1204 3950 1218 3965 .
1254 3949 1268 3966 .
1306 3950 1320 3965 .
1357 3949 1371 3964 .
1416 3900 1622 3965 amico
1665 3906 1892 3979 vestro,
1939 3900 2022 3964 ad
2068 3901 2222 3965 alias
2266 3905 2498 3985 parteS,

601 4008 767 4072 sicut
819 4007 1156 4083 credimuS,
1203 4010 1394 4090 prout
1440 4024 1551 4068 vos
1609 4003 1895 4082 novistis,
1952 4025 2141 4087 quem
2203 4005 2500 4070 dominus

600 4131 766 4193 papa
793 4108 1153 4187 destinavit,
1183 4105 1549 4192 profecturi,
1581 4106 1903 4170 mittimus
1943 4105 2026 4169 ad
2054 4128 2161 4171 vos
2198 4107 2500 4172 clericum

601 4217 898 4275 nostrum
950 4210 1365 4293 praesentium
1421 4209 1713 4285 latorem,
1775 4208 1878 4271 cui
1937 4229 2128 4291 super
2184 4209 2305 4285 his,
2360 4230 2502 4292 quae

602 4312 781 4377 vobis
826 4332 904 4376 ex
946 4318 1128 4394 parte
1177 4316 1399 4375 nostra
1445 4310 1697 4388 dixerit,
1742 4316 2053 4393 tanquam
2112 4309 2300 4374 nobis
2350 4311 2504 4393 ipsis

602 4415 873 4480 firmiter
902 4414 1196 4492 credatis,
1229 4421 1295 4478 et
1326 4414 1497 4498 quod
1536 4415 1723 4479 nobis
1768 4416 2127 4498 significare
2156 4413 2503 4493 volueritiS,

602 4526 914 4600 tanquam
941 4537 1056 4600 per
1083 4516 1542 4599 vosmetipsum
1571 4516 2016 4580 indubitanter
2044 4515 2461 4581 renuncietis.
