3200 5392
593 879 727 923 Aa).
768 860 1162 948 nol—89]
1254 880 1590 929 semrom
1621 882 1936 937 Quaenam,
2366 869 2498 948 289

593 1014 746 1062 nem
805 1002 872 1060 et
930 995 1236 1080 gladium,
1267 996 1524 1091 ‘quibus
1582 998 1754 1083 regis
1814 1005 1880 1063 et
1933 998 2300 1067 officialium
2353 1022 2497 1067 suo„

590 1118 741 1165 rum
781 1099 1028 1165 animos
1072 1099 1487 1165 succenderet
1527 1099 1827 1165 adversus
1872 1102 2222 1182 ecclesiam,
2255 1111 2320 1169 et
2364 1125 2499 1169 ma·

590 1220 724 1267 nus.
771 1208 1071 1267 armaret.
1161 1202 1249 1265 Et
1300 1202 1452 1285 quia
1500 1222 1653 1271 eum
1701 1202 2184 1269 cantuariensis
2235 1204 2500 1273 ecclesia

591 1300 714 1367 sibi
741 1301 813 1365 in
842 1304 1213 1387 pontificem
1244 1324 1378 1370 non
1408 1303 1637 1392 elegit,
1657 1324 1832 1369 coeca
1860 1305 2094 1371 ductus
2123 1305 2496 1389 ambitione,

590 1406 773 1489 quasi
822 1427 1044 1487 versus
1091 1407 1164 1475 in
1209 1406 1516 1487 furorem,
1565 1407 1858 1475 minatur
1912 1429 1983 1475 se
2041 1410 2211 1493 regis
2257 1408 2496 1477 viribus

586 1509 931 1591 faena-um,
980 1516 1057 1575 ut
1114 1509 1666 1596 archiepiscopalis
1725 1510 2031 1576 cathedra
2088 1511 2497 1579 Loudoniam

585 1613 1031 1695 mansferatur.
1133 1613 1514 1698 Coepiscopi
1572 1612 1692 1692 sui,
1754 1613 1835 1678 ab
1895 1614 2270 1679 officialibus
2327 1615 2496 1699 regis

584 1734 793 1799 nuper
834 1715 1228 1795 commoniti,
1261 1721 1328 1780 et
1364 1721 1686 1798 qnatenus
1727 1715 1943 1799 potuit
1984 1717 2118 1783 fere
2161 1716 2494 1802 compulsi,

584 1822 661 1895 ut
705 1816 770 1880 ei
809 1815 1381 1895 communicarent,
1419 1822 1486 1895 et
1526 1816 1980 1883 cantuariensi
2025 1818 2494 1905 archiepiscopo

586 1917 1043 1991 subtraherent
1070 1916 1522 1996 obedientiam,
1547 1938 1697 1983 eum
1726 1919 1976 1990 ratione
1997 1920 2182 2004 juris,
2202 1927 2278 1985 ut
2308 1941 2492 2004 opor-

583 2019 734 2099 tuit,
761 2019 1218 2101 confuderunt,
1250 2041 1384 2089 non
1404 2022 1891 2094 ‚consentientes
1921 2022 2192 2087 ulterius
2228 2024 2493 2089 consilio

584 2127 650 2186 et
680 2119 1264 2201 machinationibus
1293 2121 1468 2206 ejus:
1509 2121 1823 2209 quoniam
1854 2129 2228 2207 exspectant
2267 2130 2334 2187 et
2369 2124 2495 2207 ipsi

581 2245 859 2309 regnum
890 2225 1034 2303 Dei,
1067 2231 1132 2289 et
1175 2224 1439 2293 interim
1474 2224 1977 2305 consolationem
2021 2226 2101 2290 ab
2149 2225 2494 2310 apostolica

584 2326 752 2395 sede.
845 2328 1104 2397 Placeat
1154 2326 1373 2411 itaque
1425 2327 1756 2403 sanctitati
1805 2334 2031 2395 vestrae
2081 2336 2216 2393 tam
2267 2328 2492 2415 praefa-

579 2438 725 2495 tum
784 2431 1172 2516 episcopum,
1236 2438 1565 2496 auctorem
1638 2430 1879 2496 scilicet
1952 2438 2019 2497 et
2091 2432 2493 2497 incentorem

581 2533 942 2601 schismatis
997 2533 1214 2620 hujus,
1263 2555 1459 2617 quam
1516 2533 1795 2617 reliquos
1854 2534 2136 2599 ecclesiae
2192 2533 2490 2599 malefac-

579 2642 771 2714 tores,
803 2656 964 2720 quos
994 2634 1295 2703 dominus
1326 2633 1812 2701 cantuariensis
1849 2633 2256 2721 exigentibus
2286 2634 2491 2718 culpis

579 2737 1010 2807 anathematis
1044 2736 1303 2805 vinculo
1341 2733 1695 2811 innodavit,
1725 2741 1913 2805 tanta
1951 2734 2290 2807 severitate
2333 2754 2487 2798 con-

577 2847 808 2919 terere,
857 2847 936 2904 ut
987 2840 1097 2905 alii
1144 2860 1368 2907 eorum
1420 2837 1714 2922 exemplo
1764 2837 1975 2903 territi
2020 2858 2155 2903 non
2207 2836 2488 2903 audeant

580 2942 813 3009 similia
837 2947 1180 3007 attentare.

607 3259 1051 3329 EPISTOLA
1091 3258 1974 3333 ccccbVIIL—nsusnnu
2008 3280 2089 3323 nr
2122 3279 2453 3324 umalcu

1182 3381 1405 3429 PARIS.
1439 3381 1531 3425 AD
1567 3379 1880 3427 EUNDEM.

573 3514 940 3578 Alexandro
964 3533 1153 3595 papae
1181 3511 1547 3576 Bmardm
1573 3509 2003 3573 Noviomensis
2041 3516 2102 3574 et
2131 3510 2485 3574 Mam-icius

1184 3614 1564 3678 Parisiensis
1594 3612 1881 3694 episcopi.

657 3767 801 3841 Nos
851 3765 1184 3843 sanctitati
1226 3770 1454 3841 vestrae
1502 3783 1620 3846 pro
1669 3762 1936 3828 ecclesia
1977 3761 2360 3847 Anglicana,
2412 3769 2480 3827 et

575 3867 924 3943 venerabili
985 3870 1120 3941 viro
1186 3866 1640 3945 cantuariensi
1712 3864 2186 3951 archiepiscopo
2260 3885 2480 3950 preces

574 3969 803 4051 saepius
845 3970 1196 4052 porrexisse
1235 3968 1666 4046 meminimus,
1698 3988 1820 4031 nec
1861 3967 2119 4052 poterit,
2151 3968 2293 4035 Deo
2331 3989 2476 4052 pro·

576 4070 757 4154 pitin,
802 4078 1026 4147 nostra
1064 4072 1376 4145 instantia
1417 4070 1722 4151 cohiberi,
1768 4069 1972 4134 donec
2015 4071 2075 4134 ei
2125 4069 2480 4139 misericor-

579 4174 750 4243 diam
795 4173 1210 4257 impendatis,
1263 4181 1328 4237 et
1387 4173 1751 4255 apostolicae
1808 4172 2162 4256 majestatis
2220 4171 2483 4243 dextera

578 4276 894 4347 malitiam
927 4277 1295 4361 reprimatis
1337 4298 1582 4358 eorum,
1615 4277 1727 4361 qui
1757 4276 2089 4341 Christum
2118 4274 2190 4341 in
2222 4274 2335 4341 illo
2373 4294 2489 4339 co«

578 4388 824 4451 uantur
851 4380 1250 4463 extinguere,
1281 4386 1349 4447 et
1376 4380 1579 4447 totius
1616 4378 1901 4447 ecclesia}
1937 4377 2250 4462 perimere
2289 4374 2480 4443 liber-

577 4490 802 4555 tatem.
894 4482 1132 4559 Gravia
1175 4482 1436 4566 quidem
1480 4488 1635 4551 sunt
1679 4489 1746 4547 et
1791 4481 1996 4547 multa
2040 4479 2295 4561 damna,
2342 4500 2485 4565 qum
