3200 5392
767 778 889 840 1⁷2
1476 794 1728 838 noomu
1760 794 1953 838 naon.

759 920 826 977 et
873 933 950 976 eo
1002 911 1275 994 amplius
1326 910 1397 974 in
1444 929 1695 974 carcere
1745 908 2012 992 positus,
2064 930 2191 991 quo
2239 909 2518 974 mendax
2560 932 2664 975 me

759 1010 1015 1077 detrudi
1063 1012 1299 1077 fecerat
1341 1010 1601 1088 invidia,
1641 1011 1714 1074 in
1752 1010 2039 1074 tenebris
2078 1017 2425 1076 straveram
2462 1014 2663 1077 lectu-

761 1117 897 1180 lum
942 1136 1181 1193 meum,
1222 1120 1287 1179 et
1327 1134 1561 1197 panem
1608 1134 1828 1177 meum
1865 1114 1937 1177 in
1983 1115 2271 1198 suspiriis
2316 1115 2663 1180 manduca-

760 1217 931 1296 bam,
990 1225 1217 1302 potum
1276 1223 1644 1299 temperans
1695 1214 1766 1278 in
1823 1214 2120 1293 lacrimis,
2174 1216 2376 1281 donec
2433 1239 2664 1282 manus

761 1319 1213 1384 consolationis
1241 1324 1467 1382 vestrae
1496 1317 1800 1381 eductum
1845 1317 1924 1381 de
1963 1318 2111 1382 lacu
2150 1319 2420 1384 miseriae
2458 1328 2523 1384 et
2562 1321 2662 1383 in-

758 1422 942 1486 ferno
999 1420 1301 1498 inferiori,
1361 1420 1609 1503 regioni
1669 1441 1771 1483 me
1828 1420 2110 1485 restituit
2164 1421 2534 1500 viventium,
2594 1412 2667 1486 et

763 1545 935 1588 aurae
964 1523 1292 1606 superiori.
1385 1524 1427 1585 J
1429 1544 1535 1586 am
1564 1529 1970 1605 purpuratos,
2001 1532 2078 1588 ut
2112 1524 2307 1606 prius,
2340 1546 2472 1588 non
2517 1547 2659 1589 eru-

759 1627 968 1704 besco,
1013 1647 1136 1690 nec
1179 1632 1517 1709 potentum
1561 1625 1969 1708 praesentiam
2015 1625 2284 1691 declino.
2379 1627 2507 1691 Sed
2551 1629 2661 1711 qui

762 1730 1074 1793 hactenus
1104 1728 1186 1791 ad
1216 1729 1571 1791 Dominum
1613 1749 1831 1791 meum
1872 1729 2088 1793 oculos
2122 1729 2330 1793 levare
2370 1752 2502 1794 non
2547 1752 2659 1793 au-

761 1830 1013 1908 debam,
1072 1829 1362 1913 pristinae
1418 1829 1709 1893 redditus
1781 1831 2067 1894 libertati
2131 1831 2302 1896 labia
2359 1832 2662 1896 audacter

764 1932 978 2017 aperio
1022 1932 1101 1996 ad
1148 1931 1542 1996 exorandum
1587 1953 1719 1995 non
1766 1933 1973 1996 solum
2013 1955 2128 2016 pro
2171 1955 2295 2011 me,
2328 1955 2548 1997 verum
2593 1942 2659 1998 et

764 2056 878 2118 pro
907 2034 1028 2113 his,
1062 2055 1220 2117 quos
1261 2034 1475 2116 diligo,
1508 2034 1784 2097 maxime
1819 2055 1966 2097 cum
2006 2035 2166 2098 tales
2208 2035 2358 2113 sint,
2391 2036 2501 2118 qui
2530 2036 2660 2098 vita

763 2144 830 2202 et
860 2137 1219 2201 eruditione
1257 2137 1430 2200 inter
1457 2136 1808 2219 praecipuos
1848 2142 2293 2200 numerantur.
2383 2137 2504 2201 Vir
2532 2137 2658 2200 cla-

759 2241 1049 2304 rissimus
1085 2241 1382 2304 dominus
1420 2239 1909 2316 Londoniensis,
1941 2239 2052 2321 qui
2093 2238 2173 2303 ab
2214 2240 2471 2304 exordio
2516 2262 2658 2323 pro-

761 2344 1064 2408 motionis
1095 2365 1245 2420 suae,
1277 2344 1472 2406 etiam
1503 2343 1673 2424 apud
1706 2364 1832 2419 eos,
1867 2343 1977 2425 qui
2016 2342 2168 2405 foris
2206 2349 2379 2421 sunt,
2413 2364 2659 2425 semper

761 2443 1151 2508 honorabilis
1203 2444 1463 2507 habitus
1514 2451 1631 2521 est,
1686 2451 1752 2508 et
1804 2464 1994 2507 suave
2046 2445 2274 2508 olentis
2320 2445 2656 2528 opinionis,

762 2548 859 2611 vir
909 2547 1134 2629 utique
1193 2554 1259 2610 et
1318 2553 1568 2610 naturae
1618 2547 1802 2610 bonis
1863 2547 2218 2625 abundans,
2280 2555 2346 2611 et
2413 2548 2659 2631 ingenii

759 2649 1210 2713 facultatibus:
1277 2669 1549 2733 quorum
1593 2649 1831 2713 finibus
1875 2650 2142 2713 minime
2187 2656 2551 2728 contentus,
2583 2671 2660 2714 ea

759 2751 1086 2834 religionis
1117 2751 1423 2814 diuturno
1453 2757 1519 2814 et
1549 2750 1839 2815 districto
1861 2752 2043 2815 cultu
2073 2753 2364 2816 excoluit.
2461 2753 2660 2814 Hunc

759 2854 1072 2917 lacessivit
1100 2853 1358 2931 invidia,
1390 2854 1834 2936 integritatem
1879 2854 2016 2937 ejus
2056 2854 2333 2918 lacerare
2372 2861 2653 2932 tentans,

761 2977 905 3040 quae
940 2977 1132 3038 supra
1168 2957 1420 3020 firmam
1465 2964 1714 3039 petram
1752 2956 2025 3020 fundata
2063 2978 2195 3020 non
2233 2957 2468 3039 poterit
2513 2978 2656 3020 sen-

757 3059 882 3123 tire
942 3058 1283 3123 defectum.
1375 3060 1471 3123 Ut
1523 3059 1697 3122 enim
1750 3059 1830 3121 de
1884 3059 1982 3122 his
2033 3060 2247 3142 aliqua
2293 3068 2654 3142 tangamus,

762 3184 905 3245 quae
933 3162 1054 3245 ipsi
1086 3163 1166 3227 ab
1198 3163 1445 3226 aemulis
1482 3162 1784 3245 imposita
1822 3168 1995 3240 sunt,
2026 3183 2141 3245 pro
2171 3169 2364 3239 cert0,
2398 3163 2656 3226 domine

758 3264 990 3343 sciatiS,
1053 3265 1225 3348 quod
1283 3265 1436 3328 dum
1490 3264 1702 3328 adhuc
1757 3264 1996 3328 viveret
2055 3264 2351 3328 dominus
2410 3266 2655 3328 Cantu-

757 3368 1042 3446 ariensiS,
1100 3368 1172 3431 in
1223 3368 1463 3449 Anglia
1523 3366 1626 3431 me
1683 3374 1996 3450 praesente
2048 3366 2382 3430 dominum
2437 3386 2656 3450 regem

760 3491 927 3553 saepe
976 3470 1243 3552 rogavit,
1295 3476 1372 3532 ut
1424 3469 1613 3551 juxta
1664 3468 1951 3532 mandati
2008 3470 2199 3532 vestri
2256 3469 2530 3533 formam
2574 3468 2655 3532 ad

759 3593 982 3654 pacem
1033 3571 1323 3634 animum
1371 3592 1558 3633 suum
1603 3571 1963 3635 inclinaret.
2054 3570 2250 3654 Apud
2297 3567 2657 3636 'Cadomum

760 3690 926 3747 vero,
957 3690 1107 3732 cum
1136 3690 1214 3732 ex
1244 3669 1343 3732 his
1374 3690 1516 3752 quae
1548 3670 1846 3733 dominus
1875 3692 1986 3735 rex
2015 3693 2054 3734 a
2084 3671 2304 3734 multis
2345 3671 2655 3748 audierat,

758 3769 1120 3851 indignatio
1149 3771 1286 3853 ejus
1318 3771 1618 3834 adversus
1654 3773 1789 3856 jam
1831 3773 2076 3837 dictum
2113 3773 2542 3856 archiepiscop
2550 3794 2656 3834 um

760 3871 1111 3954 plurimum
1158 3873 1604 3952 recruduisset,
1655 3881 1970 3957 quantum
2028 3876 2240 3958 potuit
2288 3874 2370 3938 ad
2413 3875 2656 3938 lenien-

762 3973 914 4036 dum
940 3979 1190 4037 motum
1210 3975 1396 4038 illum
1417 3976 1879 4055 vehementem,
1903 3978 2100 4041 etiam
2123 3998 2271 4040 cum
2294 3976 2655 4060 lachrymis,

761 4076 1055 4140 adhibuit
1100 4077 1519 4162 diligentiam.
1611 4081 1832 4164 Cujus,
1870 4081 2146 4159 domine,
2190 4080 2244 4144 si
2282 4081 2512 4163 placet,
2544 4100 2657 4142 an-

760 4202 879 4244 nos
924 4181 1100 4244 senio
1148 4203 1371 4264 graves
1417 4182 1752 4260 attendite,
1795 4183 2072 4265 corporis
2113 4182 2514 4247 debilitatem
2558 4202 2656 4244 re-

761 4283 1003 4365 spicite,
1036 4305 1229 4365 quam
1259 4305 1391 4347 non
1422 4284 1628 4346 solum
1659 4291 1814 4347 aetas
1843 4284 2119 4364 induxit,
2152 4285 2267 4349 sed
2295 4294 2362 4349 et
2393 4283 2661 4348 assiduae

760 4385 989 4466 vigiliae
1019 4393 1084 4449 et
1114 4385 1336 4449 crebra
1356 4385 1620 4469 jejunia.
1716 4387 2082 4471 Solutisque
2104 4388 2395 4466 vinculis,
2428 4386 2660 4473 quibus
