3200 5392
559 907 693 949 A.n.
731 888 1123 970 1161—89.]
1225 908 1725 953 LoNnomanms
1760 911 2112 956 ans'ronffl.
2181 962 2186 967 ,
2427 897 2470 956 9

554 1023 733 1088 mino
762 1023 1162 1103 confidimuS,
1192 1031 1269 1088 ut
1307 1024 1378 1088 in
1419 1047 1537 1090 nos
1568 1025 1877 1092 vibrando
1909 1027 2217 1110 gladium,
2252 1047 2467 1091 aerem

557 1126 770 1209 potius
798 1126 1243 1206 verberaverit,
1276 1150 1470 1212 quam
1501 1135 1614 1192 aut
1644 1150 1906 1213 corpore
1937 1137 2051 1194 aut
2081 1130 2301 1194 anima
2339 1131 2464 1214 spi-

554 1228 786 1293 rituale
829 1228 1016 1294 nobis
1058 1230 1294 1293 vulnus
1336 1231 1662 1295 inflixerit.
1754 1233 1935 1296 Ictus
1981 1233 2156 1297 enim
2195 1234 2335 1317 ejus
2375 1232 2459 1295 ad

556 1331 892 1395 dominum
926 1354 1157 1415 papam
1172 1333 1575 1417 ·appellando
1603 1335 2048 1418 praevenimus,
2079 1343 2145 1399 et
2174 1335 2245 1399 in
2274 1335 2462 1399 initio

557 1433 1060 1517 quadragesimae
1094 1435 1266 1499 facta
1299 1437 1642 1520 appellatio
1671 1437 2059 1501 sententiam
2090 1438 2162 1502 in
2192 1437 2298 1502 die
2326 1438 2462 1522 pal-

557 1561 810 1603 marum
847 1541 1048 1605 latam
1088 1541 1277 1624 plene
1316 1541 1558 1605 viribus
1595 1542 1942 1605 evacuavit.
2036 1542 2256 1606 Sixtus
2287 1542 2463 1607 enim

555 1664 722 1726 papa
761 1643 850 1708 sic
886 1643 1260 1707 constituit:
1309 1643 1580 1711 Quoties
1610 1645 1942 1728 episcopus
1986 1667 2053 1708 se
2094 1667 2133 1708 a
2173 1666 2291 1708 suo
2330 1665 2465 1709 me-

554 1745 943 1828 tropolitano
976 1747 1296 1830 putaverit
1338 1747 1739 1830 praegravari,
1769 1748 1868 1811 vel
1910 1769 2060 1811 eum
2101 1756 2466 1831 suspectum

557 1847 875 1928 habuerit,
905 1869 1057 1913 mox
1093 1850 1454 1914 Romanam
1495 1850 1772 1934 appellet
1812 1850 2049 1929 sedem,
2082 1871 2121 1913 a
2151 1871 2278 1933 qua
2306 1850 2463 1913 dum

559 1954 626 2014 Se
666 1951 875 2015 audiri
911 1952 1290 2035 poposcerit,
1331 1953 1551 2017 nullus
1591 1974 1742 2017 eum
1784 1952 2314 2030 excommunicet,
2352 1974 2465 2016 an-

555 2060 818 2136 tequam
862 2075 1055 2118 causa
1098 2056 1336 2119 summi
1382 2056 1703 2139 pontificis
1747 2056 2131 2120 auctoritate
2174 2055 2459 2119 finiatur.

559 2153 753 2221 Quod
805 2156 860 2218 si
919 2155 1106 2220 aliter
1156 2164 1622 2239 praesumptum
1673 2157 1889 2236 fuerit,
1937 2157 2106 2220 nihil
2153 2157 2296 2234 erit,
2350 2156 2466 2220 sed

563 2255 802 2320 viribus
830 2256 1098 2321 omnino
1127 2257 1391 2322 carebit.
2555 2258 2560 2264 ’

776 2613 1218 2678 EPISTOLA
1265 2613 1906 2678 CCLXXV11.-An
1938 2633 2248 2677 EUNDEM.

645 2767 1008 2831 Mmrnms
1061 2768 1145 2832 ad
1194 2789 1327 2844 vos,
1380 2768 1681 2846 Domine,
1728 2766 2110 2830 familiarem
2161 2767 2466 2831 clericum

557 2878 853 2934 nostrum
880 2871 1264 2953 magistrum
1290 2871 1356 2934 H
1364 2918 1584 2934 .....
1617 2870 1845 2953 utique
1874 2869 2130 2934 fidelem
2159 2876 2465 2949 vestrum,

560 2982 802 3055 quanto
846 2996 1186 3058 possumus
1232 2975 1468 3038 affectu
1516 2974 1967 3058 supplicantes,
2013 2981 2089 3037 ut
2133 2974 2346 3056 ipsum
2391 2974 2465 3037 in

557 3078 978 3160 petitionibus
1028 3078 1267 3142 nostris
1314 3078 1617 3161 benigne,
1667 3077 1722 3140 si
1772 3078 2003 3161 placet,
2052 3077 2348 3155 audiatis,
2398 3083 2465 3141 et

558 3180 745 3244 nobis
789 3183 863 3243 in
909 3203 1163 3246 summa
1204 3181 1584 3246 necessitate
1632 3188 1855 3245 nostra
1900 3180 2079 3263 regia
2123 3179 2468 3244 clementia

562 3281 975 3347 subveniatis.
1065 3283 1257 3348 Quod
1295 3283 1462 3347 bene
1505 3282 1765 3366 quidem
1804 3282 2068 3360 facietis,
2109 3281 2163 3344 si
2204 3281 2467 3346 domino

557 3407 741 3471 papae
782 3407 900 3470 pro
943 3384 1129 3449 nobis
1171 3385 1645 3468 aliquantulum
1685 3384 2030 3447 affectuose
2068 3384 2464 3466 scripseritis,

561 3498 634 3554 ut
678 3489 1190 3574 appellationem,
1237 3509 1430 3572 quam
1469 3488 1554 3567 ad
1591 3487 1806 3570 ipsum
1849 3485 2137 3563 fecimus,
2182 3492 2258 3548 ut
2298 3486 2465 3568 juris

559 3592 762 3657 dictat
813 3593 1099 3676 aequitas,
1149 3592 1470 3670 admittat,
1526 3597 1593 3654 et
1630 3597 1797 3674 post
1848 3588 2343 3673 appellationem
2392 3589 2464 3652 in

430 3692 434 3697 ’
559 3717 679 3759 nos
706 3697 906 3760 latam
936 3696 1345 3773 sententiam,
1377 3716 1471 3773 ea,
1504 3715 1632 3778 qua
1664 3699 1877 3778 potest
1916 3699 1983 3757 et
2023 3691 2234 3771 debet,
2267 3693 2463 3776 aequi-

559 3806 696 3863 tate
755 3799 1124 3883 suspendat,
1178 3799 1381 3863 donec
1440 3819 1698 3861 causam
1756 3803 2043 3861 nostram
2103 3796 2342 3872 audiat,
2396 3803 2463 3860 et

561 3903 760 3988 digna
786 3903 1033 3967 meritis
1063 3902 1292 3986 cuique
1321 3901 1661 3965 retribuat.
1749 3899 1856 3962 Ad
1885 3899 2239 3963 cardinales
2269 3899 2464 3962 etiam
2521 3985 2526 3989 ἡ

560 4006 797 4070 amicos
839 4012 1081 4069 vestros
1124 4005 1362 4082 literas,
1409 4005 1464 4067 si
1513 4004 1744 4087 placet,
1794 4002 2209 4086 exposcimus,
2253 4007 2328 4064 ut
2379 4001 2463 4064 ad

559 4107 682 4172 hoc
739 4108 1075 4173 dominum
1132 4129 1365 4191 papam
1432 4107 1789 4185 inflectant,
1850 4114 1916 4169 et
1981 4127 2173 4190 super
2230 4106 2462 4169 admit-

559 4211 760 4275 tenda
797 4211 1223 4294 appellatione
1260 4216 1483 4273 nostra
1519 4210 1846 4273 indultum
1878 4209 2178 4273 omnibus
2206 4228 2463 4291 oppres-

560 4310 646 4373 sis
677 4309 1058 4375 beneficium
1097 4330 1285 4393 prece
1313 4316 1525 4374 vestra
1561 4308 1750 4373 nobis
1790 4307 2148 4373 obtineant.
2243 4306 2463 4371 Sixtus

559 4412 732 4475 enim
785 4434 950 4496 papa
995 4412 1084 4476 sic
1131 4411 1398 4477 statuit.
1447 4410 1716 4478 Quoties
1767 4412 2097 4504 episcopus
2146 4430 2213 4473 se
2262 4431 2301 4473 a
2346 4430 2463 4472 suo

559 4516 1053 4599 metropolitano
1101 4515 1372 4580 senserit
1416 4515 1819 4600 praegravari,
1864 4514 1963 4577 vel
2010 4532 2159 4576 eum
2207 4531 2462 4593 suspec-
