3200 5392
570 880 707 923 Aa).
746 860 1138 944 1161—89.]
1237 876 1571 934 Emsronffl
1603 877 1929 929 QUAEDAM.
2360 860 2493 923 265

571 1001 647 1061 u³t
694 996 900 1061 nostri
947 997 1173 1079 gratia,
1222 1001 1495 1080 paterna
1538 994 1701 1059 moti
1728 993 2182 1074 ·miseratione,
2233 1000 2492 1058 senten-

571 1100 680 1164 tiae
721 1100 1004 1182 rigorem
1046 1099 1119 1163 in
1162 1121 1303 1179 nos,
1335 1105 1401 1164 et
1443 1099 1517 1162 in
1549 1099 1593 1161 J
1594 1119 1877 1164 oannem
1922 1098 2241 1163 decanum
2273 1098 2494 1162 Sares-

572 1204 950 1282 beriensem,
1000 1209 1067 1267 et
1114 1201 1447 1267 ecclesiam
1496 1207 1789 1266 nostram
1835 1202 2024 1266 factae
2051 1200 2493 1266 ‚misericordi-

571 1314 675 1372 ter
724 1307 1023 1371 relaxetis
1047 1315 1069 1371 :¹
1117 1312 1184 1370 et
1233 1327 1375 1389 quae
1418 1305 1492 1369 in
1542 1304 1733 1371 nobis
1781 1303 2161 1388 corrigenda
2203 1303 2495 1369 videritis

573 1431 691 1494 pro
734 1410 877 1475 loco
924 1416 991 1475 et
1041 1416 1350 1494 tempore,
1390 1410 1583 1493 juxta
1626 1414 1875 1475 statuta
1919 1415 2204 1493 patrum,
2245 1414 2312 1472 et
2357 1407 2489 1473 for-

576 1534 751 1577 mam
780 1534 1102 1577 canonum
1132 1535 1283 1578 cum
1312 1513 1531 1578 debita
1557 1512 1972 1578 veneratione
2000 1505 2358 1595 corrigatis.

604 1668 609 1674 .
663 1616 850 1679 Inter
876 1616 1034 1695 haec,
1066 1617 1428 1680 venerande
1459 1624 1661 1700 pater,
1692 1638 1901 1680 unum
1945 1621 2072 1695 est,
2098 1636 2225 1699 quo
2270 1614 2490 1679 admo-

577 1720 735 1783 dum
773 1741 1125 1799 movemur,
1162 1737 1285 1783 nec
1316 1740 1426 1784 vos
1466 1720 1685 1783 minus
1724 1726 1995 1802 tangere
2036 1719 2227 1783 debet
2254 1744 2268 1783 ε
2316 1716 2489 1801 quod

578 1844 617 1887 a
663 1822 860 1902 vobis,
911 1829 1115 1888 tantae
1165 1823 1569 1888 auctoritatis
1625 1824 1784 1903 viro,
1836 1829 2041 1888 tantae
2098 1822 2494 1888 maturitatis

578 1947 870 2009 persona,
901 1932 1089 1990 tanto
1117 1932 1301 2010 patre
1338 1948 1413 1991 ac
1451 1933 1728 2010 pastore,
1759 1933 1964 1992 tantae
1991 1927 2317 1992 facilitatis
2333 1948 2493 2011 pro-

582 2027 844 2092 cesserit
894 2026 1182 2107 ve'rbum,
1230 2035 1306 2092 ut
1359 2027 1697 2092 dominum
1755 2035 1822 2092 et
1879 2034 2113 2113 papam
2172 2035 2504 2108 nostrum,

581 2131 711 2195 sive
750 2131 953 2195 alium.
989 2130 1178 2197 nobis
1217 2132 1557 2215 praelatum
1597 2131 2041 2215 abjuraremus
2076 2132 2177 2196 vel
2217 2131 2494 2215 abnega-

580 2255 817 2299 remus⁸
909 2233 1102 2299 Absit
1144 2240 1219 2298 ut
1263 2256 1381 2298 nos
1426 2233 1586 2297 adeo
1631 2232 2035 2317 derelinquat
2065 2232 2388 2297 Dominus
2427 2239 2497 2298 et

582 2338 958 2403 confundat.
1050 2338 1270 2403 Deum
1307 2341 1627 2402 testamur
1656 2344 1723 2402 et
1751 2338 2109 2417 veritatem,
2142 2359 2284 2422 quae
2313 2338 2496 2402 Deus

583 2449 700 2521 est,
733 2441 885 2526 quia
912 2462 1033 2507 nec
1063 2462 1143 2506 ex
1171 2463 1282 2507 ore
1310 2448 1534 2506 nostro
1564 2441 1874 2525 processit
1904 2441 2027 2505 hoc
2055 2440 2344 2520 verbum,
2373 2427 2499 2504 nec

583 2566 665 2610 ex
710 2544 900 2609 corde
942 2545 1364 2629 propositum,
1407 2566 1529 2609 nec
1568 2543 1919 2629 quidquam
1964 2566 2004 2608 a
2044 2543 2233 2608 nobis
2277 2548 2497 2608 actum
2557 2529 2560 2532 i

584 2655 701 2727 est,
734 2649 833 2712 vel
872 2647 1071 2713 etiam
1108 2654 1424 2726 exactum,
1456 2647 1630 2731 quod
1670 2646 1969 2712 adversus
2009 2646 2343 2711 ecclesiam
2372 2646 2499 2710 Dei

584 2751 797 2830 fuerit,
839 2750 941 2814 vel
986 2751 1159 2835 quod
1203 2750 1540 2815 dominum
1583 2772 1821 2834 papam
1863 2751 1962 2815 vel
2005 2750 2305 2834 praelatos
2348 2771 2500 2814 nos-

585 2862 719 2918 tros
762 2855 834 2917 in
879 2854 1094 2937 aliquo
1136 2853 1435 2918 debuerit
1477 2854 1822 2917 offendere.
1914 2852 2112 2918 Unde
2154 2858 2353 2916 testes
2397 2851 2497 2915 in-

585 2977 885 3020 vocamus
927 2956 1415 3037 cicestrensem,
1458 2962 1524 3020 et
1562 2956 2017 3034 Exoniensem,
2058 2961 2125 3018 et
2170 2954 2500 3019 Lincolni-

587 3080 806 3122 ensem
855 3059 1198 3142 episcopm,
1249 3061 1362 3143 qui
1409 3061 1483 3123 in
1536 3060 1858 3138 omnibus,
1909 3080 2052 3143 quae
2103 3058 2380 3122 diximus
2431 3064 2499 3123 et

587 3162 877 3239 fecimus,
935 3162 1395 3241 interfuerunt,
1455 3162 1571 3226 ubi
1629 3163 1755 3226 Dei
1814 3162 2022 3245 gratia
2077 3162 2343 3226 remissa
2401 3167 2500 3225 est

589 3263 776 3327 nobis
828 3270 895 3327 et
948 3263 1232 3328 ecclesiae
1283 3271 1522 3327 nostrae
1572 3264 1743 3347 regis
1794 3262 2175 3347 indignatio·
2265 3264 2502 3327 Valeat

591 3373 659 3431 et
687 3366 903 3450 vigeat
932 3387 1081 3431 cara
1108 3366 1295 3431 nobis
1326 3374 1536 3431 vestra
1561 3368 1937 3450 paternitas.

590 3676 1033 3743 EPISTOLA
1065 3677 1930 3745 CCCCLXXL—nsusnnu
1954 3699 2047 3744 An
2079 3698 2498 3744 GILBER'NJM.

604 3830 952 3893 Venerabili
998 3830 1240 3894 domino
1270 3832 1570 3916 patrique
1615 3832 1934 3895 carissimo
1980 3832 2056 3894 G.
2087 3830 2504 3894 Londoniensi

680 3934 808 3995 Dei
844 3935 1060 4014 qratia
1105 3936 1406 4018 episcopm
1435 3936 1751 3999 Jocelinus
1789 3935 2274 3999 Saresberiensis
2316 3937 2504 3999 eccle-

680 4035 789 4096 siae
838 4037 1087 4098 humilis
1132 4039 1432 4118 minister,
1481 4041 1742 4104 salutem
1801 4044 1863 4102 et
1920 4040 2220 4103 modicum
2265 4058 2503 4117 munus,

682 4139 966 4217 seipsum.

683 4287 1009 4352 Exumss
1042 4294 1226 4372 pater
1255 4291 1660 4374 evangelicus
1696 4292 1804 4357 cui
1838 4291 2179 4357 restitutus
2208 4297 2306 4355 est
2335 4289 2507 4354 filius

596 4391 667 4454 in
705 4390 1066 4476 longinqua
1104 4393 1447 4475 profectus.
1537 4394 1985 4460 Exultavimus
2025 4393 2151 4458 Dei
2190 4392 2399 4478 gratia
2439 4398 2508 4456 et

600 4516 719 4559 nos
760 4514 1011 4560 reverso
1052 4496 1184 4561 filio
1225 4497 1590 4580 evangelico
1628 4498 1738 4582 qui
1777 4498 2051 4582 perierat
2097 4503 2163 4562 et
2206 4497 2509 4588 inventus
