3200 5392
573 889 711 932 A.D.
747 868 1143 951 1161—89.]
1359 887 1718 935 EPISTOLAE.
2347 868 2476 930 295

573 1023 757 1066 cum:
803 1023 924 1067 nec
959 1002 1250 1086 reprimit
1277 1002 1665 1086 injuriarum
1694 1000 2167 1065 vehementiam
2195 1008 2482 1084 paternae

574 1105 984 1169 correctionis
1034 1105 1409 1170 moderatio.
1498 1103 1811 1170 Vestram
1855 1103 2059 1188 igitur
2113 1104 2484 1187 suppliciter

575 1206 838 1272 obsecro
885 1214 952 1273 et
1000 1209 1246 1292 adjuro,
1293 1215 1371 1273 ut
1414 1209 1671 1293 justum
1721 1214 1839 1286 est,
1888 1207 2353 1285 celsitudinem,
2406 1214 2483 1271 ut

578 1332 772 1394 quem
811 1312 943 1377 filio
983 1311 1250 1391 debetis,
1283 1312 1490 1396 operis
1535 1310 1930 1376 exhibitione
1960 1311 2347 1385 monstretis
2391 1311 2484 1375 af-

575 1414 840 1494 fectum,
886 1421 952 1480 et
997 1415 1248 1479 illatam
1288 1415 1469 1493 mihi,
1517 1422 1583 1479 et
1628 1414 1916 1499 personis
1960 1414 2141 1493 meis,
2188 1421 2254 1477 et
2297 1420 2487 1479 terrae

579 1538 740 1581 meae
792 1517 1032 1601 absque
1085 1516 1311 1581 ordine
1354 1516 1696 1601 judiciario
1742 1517 2084 1580 emendare
2131 1515 2491 1598 dignemini

579 1619 822 1702 absque
849 1618 1212 1684 tardatione
1252 1619 1578 1703 injuriam.
1674 1615 1849 1681 Cum
1885 1618 2257 1683 omnimoda
2295 1618 2489 1682 etiam

582 1721 921 1787 devotione
952 1722 1265 1786 attentius
1303 1721 1611 1805 supplico,
1643 1726 1963 1804 quatenus
1993 1720 2304 1804 quidquid
2332 1742 2490 1804 prae-

579 1824 955 1888 nominatus
1007 1823 1287 1887 Thomas
1347 1822 1746 1888 adversarius
1797 1844 1999 1902 meus,
2054 1829 2279 1888 contra
2329 1822 2492 1908 juris

582 1926 895 2003 ordinem,
933 1932 1079 2008 post
1120 1925 1360 1989 factam
1403 1925 1897 2008 appellationem
1942 1925 2025 1988 ad
2067 1946 2197 2003 vos,
2235 1926 2309 1988 in
2350 1946 2493 2009 per-

585 2048 774 2091 sonas
823 2027 1012 2110 regni
1061 2025 1209 2104 mei,
1263 2025 1523 2089 clericos
1575 2033 1642 2090 et
1692 2026 1888 2089 laicos
1941 2025 2190 2104 statuit,
2238 2026 2496 2090 irritum

584 2138 651 2195 et
689 2151 961 2195 vacuum
995 2129 1308 2209 habeatiS,
1339 2135 1507 2194 teste
1549 2131 1632 2194 Gr.
1663 2129 1951 2194 Vasatur
1991 2129 2286 2212 episcopo
2326 2129 2498 2213 apud

590 2235 655 2298 S.
692 2233 1104 2300 Macharium
1132 2233 1207 2297 in
1237 2232 1626 2297 Guasconia.

586 2577 1026 2643 EPISTOLA
1076 2576 1918 2642 CCCCXCII.--nmsnnM
1953 2598 2043 2640 An
2082 2595 2503 2641 annuarum·

480 2752 490 2762 ’
591 2765 677 2828 Η.
703 2764 834 2827 Dei
856 2765 1074 2846 qratia
1100 2785 1218 2827 γεω
1244 2765 1509 2847 Anqlz'oe,
1534 2765 1719 2845 patri
1747 2784 1857 2828 suo
1887 2765 2206 2828 carissimo
2243 2765 2319 2827 G.
2344 2763 2509 2828 Lon-

839 2866 1116 2930 doniemi
1145 2867 1445 2949 episcopo,
1476 2869 1739 2931 salutem
1769 2874 1830 2931 et
1859 2867 2263 2932 dilectionm.

683 3048 1024 3114 Quorsum
1076 3069 1413 3132 personam
1474 3052 1705 3118 meam‘
1741 3050 1937 3115 ves'tri
1988 3050 2197 3134 gratia
2254 3049 2513 3134 speciali

596 3150 862 3214 sincerae
910 3151 1268 3214 dilectionis
1316 3151 1552 3215 affectu
1594 3161 1714 3217 vos'
1758 3173 2010 3235 semper
2060 3152 2354 3217 dilexisse
2405 3173 2512 3216 ex·-

595 3258 820 3338 pertus
866 3274 1029 3331 sum,
1076 3252 1156 3317 de
1204 3259 1379 3317 statu
1424 3252 1555 3316 mei
1598 3260 1666 3317 et
1708 3253 2153 3317 incolumitate
2196 3275 2307 3318 vos
2351 3254 2516 3318 velle

598 3355 950 3433 certificari,
995 3361 1063 3418 et
1109 3355 1190 3419 de
1237 3353 1635 3422 successibus
1682 3354 1843 3420 meis
1897 3355 2210 3438 gratulari
2253 3355 2515 3419 indubi-

597 3465 819 3522 tanter
865 3457 1014 3521 scio.
1106 3456 1302 3521 Unde
1347 3456 1553 3522 mitto
1589 3456 1680 3522 ad.
1711 3478 1820 3521 vos
1860 3456 2261 3521 carissimum
2306 3463 2372 3522 et
2420 3456 2516 3520 fa-

598 3560 918 3624 miliarem
957 3580 1177 3625 meum
1213 3558 1584 3642 episcopum
1616 3558 2147 3638 Bathoniensem,
2176 3580 2292 3642 per
2322 3565 2520 3643 quem

598 3663 779 3728 vobis
823 3668 1070 3727 secreta
1104 3683 1254 3728 mea
1297 3681 1518 3728 secure
1549 3661 1859 3745 significO,
1887 3668 1958 3726 et
1995 3662 2263 3746 insuper
2289 3663 2515 3727 volun-

598 3773 805 3831 tatem
834 3771 1047 3829 meam
1075 3771 1145 3829 et
1176 3785 1322 3848 quae
1347 3762 1511 3830 mihi
1539 3764 1683 3830 Deo
1718 3771 2103 3849 cooperante
2138 3764 2517 3829 acciderunt
2560 3811 2565 3817 -

601 3869 914 3932 beneficia
956 3876 1297 3952 postquam
1351 3867 1430 3931 ab
1475 3867 1720 3950 Anglia
1767 3868 2020 3932 recessi.
2110 3868 2248 3932 Vos
2298 3867 2522 3951 itaque

602 3968 796 4033 fidem
833 3970 1189 4035 adhibeatis
1231 3971 1333 4034 his
1375 3992 1516 4055 quae
1553 3971 1690 4053 ipse
1719 3971 1898 4035 vobis
1945 3970 2176 4035 dixerit
2217 3992 2295 4035 ex
2335 3978 2519 4054 parte

607 4093 771 4150 mea,
797 4079 863 4134 et
891 4072 1104 4153 ipsum
1135 4074 1502 4156 episcopum
1526 4074 2014 4137 dilectissimum
2045 4081 2111 4138 et
2140 4073 2520 4138 familiarem

606 4195 846 4250 meum,
893 4175 1004 4257 qui
1048 4175 1119 4236 in
1166 4172 1441 4256 negotiis
1489 4176 1649 4240 meis
1698 4175 2109 4260 expediendis
2163 4196 2405 4258 pronus
2454 4183 2521 4239 et

612 4275 881 4340 devotus
921 4296 1172 4359 semper
1211 4277 1472 4356 assistit,
1503 4298 1727 4341 carum
1760 4277 2074 4355 habeatis,
2108 4284 2176 4341 et
2217 4276 2520 4360 diligatis,

615 4385 682 4442 et
731 4377 1047 4442 honorem
1094 4377 1467 4444 exhibeatis.
1558 4377 1815 4445 Vestrae
1866 4380 2064 4444 etiam
2115 4379 2524 4464 paternitatis

615 4479 1119 4546 sollicitudinem
1181 4480 1260 4545 de
1321 4502 1449 4564 qua
1507 4503 1642 4547 non
1699 4482 2043 4546 minimum
2102 4482 2374 4562 confido,
2428 4489 2524 4548 at-
