3200 5392
681 660 769 722 24
1298 675 1618 719 cunnum
1657 674 1957 719 srlscon

678 814 828 857 cum
868 793 939 856 in
980 792 1278 875 operibus
1320 790 1470 870 suis,
1511 788 1915 874 passionibus
1945 788 2188 853 Christi
2227 792 2584 854 communi-

677 901 849 958 cant.
942 893 1157 976 Igitur
1194 892 1444 976 pellicia
1487 914 1737 977 sponsae
1776 892 1857 957 de
1896 892 2168 956 arminio
2197 892 2292 971 fit,
2326 893 2585 975 quando

677 995 1024 1060 candidum
1075 1002 1174 1059 est
1225 995 1296 1057 in
1344 994 1812 1078 significatione
1860 994 2103 1058 laetitioe
2149 993 2585 1078 spiritualiter,

678 1099 761 1164 ob
822 1120 1001 1183 spem
1051 1098 1556 1175 resurrectionis,
1607 1097 1776 1161 circa
1826 1097 2062 1160 collum
2119 1105 2187 1161 et
2244 1116 2449 1180 usque
2500 1097 2584 1162 ad

680 1208 923 1286 pectus,
953 1208 1021 1265 et
1061 1201 1231 1265 circa
1270 1222 1498 1264 manus
1543 1201 1710 1284 gulis
1753 1199 1969 1264 rubeis
2013 1205 2241 1264 ornata
2284 1207 2401 1279 est,
2436 1201 2587 1283 quia

678 1304 1039 1388 passionem
1084 1302 1326 1367 Christi
1371 1324 1563 1386 quam
1610 1324 1720 1366 ore
1762 1302 2087 1386 praedicat,
2127 1301 2320 1366 corde
2363 1303 2582 1381 sentit,

676 1413 743 1470 et
788 1405 1090 1489 operibus
1139 1412 1503 1470 attestatur.
1598 1405 1799 1470 Dedit
1847 1406 2045 1469 etiam
2088 1403 2386 1469 Christus
2429 1406 2583 1470 Pas-

679 1508 847 1573 chali
885 1515 1175 1591 tempore
1216 1530 1465 1592 sponsae
1507 1529 1640 1572 suae
1678 1506 2079 1572 cordubanos
2114 1529 2281 1587 suos,
2314 1509 2426 1591 qui
2456 1509 2580 1592 sig-

676 1611 948 1675 nificant
997 1612 1126 1676 duo
1172 1618 1582 1689 testamenta,
1616 1610 1848 1696 quibus
1892 1611 2156 1675 affectus
2203 1632 2452 1694 sponsae
2498 1633 2581 1676 ne

675 1722 914 1778 terram
946 1721 1224 1798 tangant
1253 1714 1659 1792 muniuntur,
1692 1714 1790 1777 vel
1829 1713 2294 1778 continentiam
2326 1723 2394 1779 et
2423 1716 2578 1779 cari-

674 1824 902 1896 tatem,
949 1839 1091 1901 quae
1136 1816 1296 1881 duos
1342 1818 1632 1896 affectus,
1673 1838 1946 1900 quorum
1993 1818 2268 1882 alterum
2315 1818 2393 1881 ad
2445 1839 2580 1882 car-

673 1942 824 1985 nem
865 1943 1067 2000 suam,
1101 1920 1364 1985 alteram
1406 1919 1492 1983 ad
1534 1919 1691 1984 vitia
1730 1939 1965 2001 sponsa
1993 1919 2145 1983 olim
2175 1918 2424 1998 habuit,
2456 1921 2581 1983 cal-

673 2024 820 2089 ciat.
911 2025 967 2088 E
1010 2024 1243 2109 quibus
1283 2024 1392 2087 ille
1434 2022 1544 2107 qui
1591 2022 1676 2087 ad
1718 2042 1979 2086 carnem
2019 2028 2137 2098 est,
2180 2023 2581 2087 continentia

673 2127 800 2191 sive
840 2128 1252 2192 distinctione
1301 2126 1656 2210 disciplinae
1694 2124 2005 2204 munitur,
2048 2124 2158 2188 ille
2197 2126 2309 2208 qui
2355 2132 2452 2189 est
2500 2125 2582 2190 ad

672 2231 846 2308 vitia,
901 2231 1169 2294 caritate
1221 2229 1649 2312 extinguitur.
1743 2228 1871 2291 Sed
1931 2228 2001 2292 hi
2052 2229 2403 2293 cordubani
2454 2229 2580 2293 nisi

671 2331 1061 2416 professione
1103 2338 1169 2396 et
1214 2330 1582 2395 obedientia
1609 2331 1917 2414 ligentur,
1948 2353 1985 2396 e
2013 2332 2284 2415 pedibus
2314 2333 2578 2397 elabun-

670 2441 800 2499 tur.
892 2434 1144 2498 Multos
1192 2435 1366 2497 enim
1412 2434 1710 2512 vidimus,
1759 2434 1869 2519 qui
1914 2435 2318 2500 continentia
2367 2436 2577 2500 carnis

672 2557 751 2600 ex
779 2536 1047 2601 caritate
1077 2536 1468 2614 habuerunt,
1498 2537 1599 2600 vel
1644 2535 2001 2601 secundum
2032 2536 2160 2602 duo
2189 2544 2581 2602 testamenta

670 2640 877 2704 vivere
918 2639 1392 2723 disposuerunt,
1434 2640 1547 2704 sed
1584 2641 1889 2723 quoniam
1940 2641 2059 2705 sub
2101 2641 2467 2705 obedientia
2513 2648 2579 2705 et

670 2741 1061 2826 professione
1092 2763 1228 2806 sese
1258 2764 1392 2807 non
1421 2743 1874 2826 religaverunt,
1908 2743 2185 2825 graviter
2211 2743 2373 2825 lapsi
2403 2752 2575 2808 sunt.

671 2845 1045 2910 Cordubani
1084 2846 1302 2929 itaque
1333 2852 1487 2910 sunt
1515 2846 1616 2909 vel
1647 2845 1776 2910 duo
1803 2852 2212 2923 testamenta,
2244 2846 2344 2908 vel
2373 2848 2577 2910 conti-

669 2949 895 3012 nentia
929 2955 995 3013 et
1036 2948 1284 3012 caritas.
1378 2948 1726 3032 Ligaturoe,
1758 2949 2061 3033 professio
2092 2956 2157 3013 et
2187 2949 2571 3014 obedientia.

671 3051 870 3116 Dedit
900 3051 1096 3115 etiam
1127 3051 1423 3116 Christus
1459 3072 1708 3134 sponsae
1748 3073 1881 3115 suae
1920 3051 2081 3115 duas
2120 3051 2575 3133 cheirothecas,
2645 3090 2652 3096 ·

667 3178 899 3220 manus
959 3178 1208 3241 sponsae
1266 3163 1419 3221 sunt
1478 3157 1766 3240 operatio
1833 3162 1900 3220 et
1970 3158 2448 3240 contemplatio,
2510 3166 2578 3221 et

668 3260 954 3343 quamvis
995 3281 1109 3343 per
1146 3261 1371 3324 laevam
1420 3258 1573 3322 alibi
1615 3259 1966 3341 accipiatur
2005 3261 2229 3338 activa,
2270 3281 2385 3343 per
2424 3259 2574 3323 dex-

664 3369 833 3424 tram
865 3359 1361 3441 contemplativa
1389 3358 1540 3436 vita,
1571 3364 1648 3421 ut
1678 3366 1775 3422 est
1813 3358 1994 3436 illud,
2028 3359 2258 3424 fLaeva
2286 3360 2424 3444 ejus
2453 3359 2573 3423 sub

665 3464 744 3527 c.'
791 3469 857 3526 et
900 3470 1150 3539 caetera,
1196 3461 1349 3524 hinc
1394 3467 1615 3525 tamen
1659 3483 1775 3544 per
1816 3462 2141 3525 sinistram
2183 3464 2573 3547 contempla-

664 3567 778 3643 tio,
837 3585 953 3648 per
1012 3563 1304 3628 dextram
1363 3564 1650 3648 operatio
1715 3564 2111 3648 designatur,
2171 3564 2292 3629 hac
2351 3565 2579 3629 simili-‘

662 3666 912 3745 tudine,
962 3666 1114 3750 quia
1172 3667 1498 3731 sinistram
1550 3668 1953 3751 frequentius
2013 3667 2133 3731 sub
2191 3669 2574 3732 vestimento

661 3781 960 3837 tenemus
1004 3771 1468 3851 absconditam,
1501 3772 1795 3837 dextram
1835 3793 1986 3838 vero
2023 3773 2254 3855 saepius
2300 3773 2380 3836 ad
2424 3794 2575 3855 ope·

656 3875 939 3940 randum
969 3874 1368 3958 exponimus.
1436 3876 1652 3959 Igitur
1681 3897 1913 3939 manus
1944 3875 2170 3941 dextra
2197 3876 2267 3939 id
2295 3882 2395 3940 est
2425 3897 2573 3959 ope-

659 3979 845 4058 ratio,
892 3978 1088 4043 habet
1133 3978 1567 4043 chirothecam
1610 3980 1679 4043 in
1718 4003 1775 4043 v.
1816 3980 2116 4044 folliculis
2162 3979 2243 4042 ad
2286 3981 2573 4064 quinque

663 4082 897 4165 digitos
936 4080 1336 4164 recipiendos
1378 4081 1667 4161 divisam,
1702 4082 1851 4165 quia
1890 4082 2136 4146 bonum
2179 4104 2341 4165 opus
2382 4082 2574 4146 debet

661 4207 797 4251 esse
841 4192 1110 4263 rectum,
1142 4184 1599 4262 voluntarium,
1647 4205 1903 4268 purum,
1947 4185 2314 4263 discretum,
2358 4192 2425 4248 et
2466 4185 2574 4247 fir-

659 4310 860 4353 mum.
954 4288 1230 4351 Rectum
1271 4286 1656 4364 intentione,
1689 4285 2144 4366 voluntarium,
2176 4296 2251 4352 ut
2296 4308 2418 4351 nec
2458 4288 2572 4350 fiat
