3200 5392
1053 864 1133 906 m·
1166 859 1356 906 Now
1386 864 1690 914 QUAEDAM
1725 864 2007 908 nauvias.
2350 848 2477 909 343

577 976 907 1061 Particeps
937 999 1096 1042 mer.
1130 978 1234 1043 eff.
1267 981 1416 1043 225.
1449 979 1512 1043 D
1542 981 1673 1043 299
1704 985 1771 1043 et
1799 982 1952 1044 445.

580 1080 929 1145 Pastoralis
959 1081 1067 1146 off.
1098 1103 1165 1145 n.
1199 1081 1301 1145 ad.
1335 1104 1438 1145 an.
1472 1104 1519 1145 S.
1553 1104 1609 1147 c.
1642 1083 1794 1146 306.
1826 1084 1889 1147 D
1918 1086 2069 1146 418.

581 1183 1003 1249 Paternitatis
1031 1205 1090 1248 v.
1122 1183 1166 1247 l.
1201 1206 1260 1266 q.
1293 1205 1361 1246 n.
1391 1185 1544 1247 465.
1577 1183 1666 1248 02
1693 1187 1800 1248 45.
1832 1186 1889 1248 Ε
1926 1188 2092 1265 1,35.

581 1288 709 1351 Per
738 1287 1084 1369 apostolica
1112 1307 1230 1350 scr.
1263 1286 1333 1349 in
1361 1307 1536 1350 man.
1567 1289 1720 1350 481.
1754 1287 1817 1351 D
1849 1290 1999 1351 330.

581 1389 710 1453 Per
728 1389 1124 1453 Gunterium
1151 1388 1197 1452 f.
1230 1411 1296 1452 n.
1322 1410 1379 1452 V.
1403 1391 1555 1453 400.
1587 1389 1645 1452 Β
1672 1393 1775 1455 73.
1800 1390 1885 1455 08
1905 1394 2007 1456 74.
2027 1392 2084 1455 Ε
2104 1394 2275 1471 5,59.
2300 1393 2363 1458 G
2380 1395 2485 1457 80.

487 1510 491 1514 ’
581 1492 858 1570 Perlato,
891 1513 1016 1575 pa„
1050 1491 1131 1555 ad
1161 1513 1279 1555 nos
1309 1503 1436 1554 ma‘.
1467 1511 1563 1555 ve.
1602 1492 1747 1556 162.
1778 1493 1842 1557 D
1873 1495 2022 1559 347.

583 1595 1007 1658 Perseverans
1036 1593 1108 1657 in
1137 1615 1193 1657 c.
1225 1616 1292 1657 ιι.
1327 1593 1388 1656 (1.
1423 1615 1478 1656 v.
1512 1615 1570 1657 o.
1602 1595 1754 1658 429.
1786 1594 1870 1658 Α’
1900 1596 2005 1659 58.
2038 1595 2127 1661 04
2155 1600 2217 1661 2.
2251 1598 2314 1661 1)
2342 1602 2487 1664 174.

669 1699 726 1761 E
758 1699 931 1776 3,49.
966 1697 1029 1762 G
1060 1699 1212 1761 234.
1245 1698 1283 1760 I
1316 1695 1485 1759 168.-

582 1799 901 1865 Personas
931 1822 1022 1865 ec.
1054 1801 1126 1864 in
1154 1807 1205 1864 t.
1241 1799 1303 1864 d.
1337 1820 1391 1863 c.
1424 1799 1518 1863 ita
1545 1806 1594 1863 t.
1628 1800 1777 1863 366.
1811 1801 1874 1864 1)
1904 1804 2055 1866 233.

585 1904 889 1969 Pervenit
919 1903 1002 1969 ad
1032 1926 1169 1981 ιιοε,
1204 1903 1388 1967 caris.
1420 1924 1593 1986 mag.
1628 1904 1734 1966 55.
1768 1903 1831 1967 D
1863 1904 1968 1967 66.

585 2007 889 2072 Pervenit
920 2008 1003 2072 ad
1031 2029 1097 2071 ιι.
1132 2029 1193 2091 q.
1227 2029 1288 2090 q.
1319 2028 1382 2091 p.
1415 2030 1471 2071 v.
1504 2005 1568 2071 d.
1598 2006 1664 2070 b.
1698 2028 1747 2070 s.
1781 2008 1932 2070 342.
1966 2008 2029 2071 1)
2060 2009 2210 2071 250.

584 2112 887 2178 Pervenit
917 2114 1002 2178 ad
1032 2135 1135 2178 au.
1168 2135 1235 2177 ιι.
1269 2134 1331 2197 q.
1363 2133 1459 2177 oc.
1493 2133 1548 2177 c.
1582 2134 1643 2195 q.
1675 2111 1766 2175 in.
1798 2113 1949 2177 282.
1984 2111 2049 2174 D
2082 2115 2231 2177 359.

586 2216 892 2281 Pervenit
922 2218 1006 2281 ad
1033 2223 1165 2300 pat.
1198 2237 1336 2279 nos.
1369 2216 1472 2280 do.
1506 2215 1699 2280 Cant.
1737 2216 1884 2280 196.
1915 2214 2015 2280 Α2
2044 2217 2151 2280 33.
2184 2216 2247 2280 1)
2279 2218 2431 2281 277.

587 2319 782 2383 Pium
812 2341 868 2384 e.
900 2320 980 2384 fr.
1013 2341 1107 2385 ca.
1146 2341 1248 2403 op.
1280 2341 1369 2383 m.
1403 2318 1485 2383 ad
1513 2340 1611 2402 pr.
1644 2321 1794 2382 305.
1828 2316 1895 2381 D
1926 2322 2076 2386 417.

588 2423 813 2487 Placet
840 2445 910 2487 ιι.
941 2423 1027 2507 pl.
1060 2426 1211 2488 395.
1241 2423 1327 2487 A·
1355 2425 1462 2487 40.
1497 2422 1584 2487 04
1614 2425 1718 2487 33.
1756 2423 1818 2486 G
1847 2425 1997 2487 325.
2032 2423 2068 2487 Ι
2104 2425 2248 2486 113.
2279 2423 2388 2486 W.

588 2526 842 2590 Placuit
873 2526 1036 2590 subl.
1068 2547 1197 2591 ves.
1229 2526 1341 2590 dil.
1371 2548 1471 2610 pa.
1505 2526 1576 2590 in
1607 2529 1713 2591 28.
1746 2527 1809 2590 1)
1840 2528 1947 2590 28.

591 2629 848 2694 Placuit
878 2651 1012 2695 exc.
1037 2651 1096 2694 v.
1122 2652 1184 2715 q.
1210 2652 1301 2695 ec.
1334 2631 1410 2694 cl.
1446 2651 1535 2694 ar.
1568 2632 1720 2696 274.
1753 2629 1838 2693 A²
1873 2633 1973 2695 19.
2007 2628 2096 2694 C4
2123 2631 2229 2694 30.
2263 2630 2325 2693 D
2356 2629 2500 2694 168.

676 2734 734 2798 E
771 2735 981 2812 1,123.
1014 2733 1079 2798 G
1107 2734 1254 2799 276.
1293 2734 1361 2797 Η
1394 2736 1501 2797 83.
1534 2734 1571 2797 I
1603 2736 1711 2798 55.

593 2836 849 2900 Placuit
877 2857 977 2901 vo.
1007 2836 1107 2901 lit.
1140 2858 1303 2901 com.
1337 2858 1462 2916 me,
1493 2844 1570 2901 ut
1607 2838 1751 2900 106.
1784 2838 1847 2901 D
1878 2839 1984 2900 99.

587 2940 745 3005 Post
775 2938 838 3004 (1.
869 2961 927 3004 v.
962 2962 1026 3023 g.
1058 2940 1143 3004 ad
1169 2962 1237 3005 ιι.
1267 2939 1361 3003 fu.
1392 2962 1446 3004 r.
1478 2962 1541 3023 p.
1576 2939 1639 3004 d.
1674 2962 1725 3004 s.
1755 2938 1802 3003 f.
1835 2941 1986 3003 331.
2028 2939 2085 3002 B
2127 2939 2234 3001 56.
2278 2937 2365 3001 0⁸
2395 2941 2505 3004 57.

627 3070 631 3074 ·
675 3044 732 3107 E
762 3045 943 3122 2‚23.
978 3041 1039 3106 G
1074 3044 1182 3108 63.
1214 3044 1253 3108 Ι
1280 3045 1389 3108 98.

591 3147 748 3212 Post
778 3169 846 3210 ιι.
877 3168 936 3209 v.
979 3168 1019 3210 a
1057 3146 1120 3211 d.
1161 3168 1214 3210 r.
1258 3146 1321 3210 d.
1364 3145 1448 3210 ad
1488 3167 1542 3211 c.
1575 3167 1632 3210 c.
1665 3167 1724 3210 ν.
1758 3148 1910 3210 455.
1945 3144 2032 3209 03
2068 3147 2211 3209 125.
2244 3145 2302 3209 Ε
2333 3147 2506 3224 3,22.

682 3252 745 3316 G
782 3251 925 3314 133.

593 3355 947 3439 Postquam
978 3354 1041 3418 d.
1073 3376 1142 3418 n.
1175 3375 1266 3418 ar.
1300 3353 1375 3418 0.
1408 3374 1504 3418 oc.
1538 3375 1588 3416 s.
1620 3355 1773 3417 450.
1806 3351 1894 3416 Α2
1926 3355 2032 3417 59.
2065 3353 2128 3417 D
2163 3354 2311 3417 175.

594 3457 896 3522 Poteram
928 3478 1033 3521 me
1063 3456 1275 3521 cohib.
1307 3457 1404 3521 sil.
1439 3457 1496 3521 si
1523 3458 1586 3521 2.
1619 3457 1683 3521 D
1715 3458 1783 3521 2.

597 3560 879 3626 Potestis
908 3581 998 3625 re.
1033 3583 1094 3644 q.
1126 3583 1190 3644 p.
1224 3560 1288 3624 (1.
1321 3560 1482 3625 Can.
1514 3582 1582 3624 n.
1615 3581 1668 3622 r.
1695 3560 1846 3623 504.
1879 3558 1918 3622 Ι
1948 3560 2093 3624 172.
2119 3558 2184 3625 Q
2210 3558 2333 3637 xvi,
2357 3559 2510 3624 269.

598 3664 908 3749 Praecipio
937 3670 988 3729 t.
1022 3686 1083 3747 q.
1117 3663 1172 3727 si
1201 3663 1283 3727 al.
1315 3684 1370 3728 c.
1405 3685 1461 3727 v.
1494 3663 1538 3727 1.
1570 3664 1722 3727 482.
1756 3663 1812 3725 E
1851 3664 2016 3740 l‚15.
2052 3663 2120 3726 H
2155 3664 2259 3725 10.
2293 3662 2329 3726 I
2359 3664 2467 3728 27.

597 3766 1025 3833 Praesentium
1053 3766 1136 3832 la.
1168 3766 1248 3831 fr.
1279 3766 1362 3830 A.
1388 3768 1439 3851 j.
1473 3765 1536 3830 d.
1571 3767 1723 3831 255.
1756 3765 1820 3830 1)
1855 3766 2002 3828 120.

599 3869 1045 3934 Praeveniente
1073 3891 1194 3933 nos
1224 3870 1296 3934 in
1326 3891 1460 3933 mu.
1497 3870 1601 3934 77.
1634 3869 1697 3933 1)
1728 3870 1835 3933 91.

600 3972 1021 4036 Praevenisset
1049 3973 1203 4036 463.
1236 3972 1321 4037 C’
1349 3974 1456 4037 26.
1489 3973 1546 4037 Ε
1580 3974 1707 4052 1,.2.
1743 3972 1779 4036 Ι
1816 3973 1917 4035 12.
1949 3970 2029 4034 Μ
2059 3973 2123 4035 2.

601 4071 758 4231 Pri)3
776 4091 992 4232 qmgre
1036 4070 1121 4133 D.
1172 4077 1239 4135 et
1286 4071 1348 4134 d.
1397 4093 1461 4154 p.
1511 4093 1574 4155 p.
1627 4093 1677 4134 s.
1726 4093 1794 4135 ιι.
1843 4071 1999 4134 496.
2041 4070 2123 4134 Αι
2166 4072 2228 4133 5.
2271 4069 2368 4133 A²
2409 4072 2514 4135 74.

833 4170 876 4231 8
925 4214 940 4231 .

605 4272 734 4337 Pro
765 4270 963 4336 anim.
996 4269 1107 4334 mi.
1139 4291 1242 4335 res
1273 4276 1372 4335 est
1402 4278 1468 4336 et
1497 4274 1606 4336 40.
1639 4270 1707 4334 D
1739 4275 1824 4338 57
1830 4321 1844 4335 .

605 4374 736 4439 Pro
767 4373 831 4438 d.
861 4395 915 4438 r.
947 4374 1031 4438 A.
1063 4395 1191 4439 om.
1216 4373 1361 4438 exh.
1392 4376 1544 4439 430.
1578 4374 1667 4439 0²
1695 4377 1802 4439 83.
1834 4375 1891 4437 E
1927 4376 2138 4453 1,102.
2171 4374 2249 4438 Μ
2284 4375 2451 4453 1,99.

604 4476 735 4542 Pro
763 4476 1040 4542 literatis
1069 4482 1137 4541 et
1166 4476 1230 4540 h.
1263 4498 1322 4540 v.
1356 4483 1443 4541 at.
1475 4476 1567 4541 in.
1600 4478 1751 4542 298.
1785 4476 1851 4539 D
1882 4477 2034 4541 365.
