3200 5392
829 714 917 777 26
1456 731 1778 777 ornanum
1815 730 2113 777 ruscorx

825 875 991 934 mus,
1036 875 1152 938 per
1191 852 1474 938 quinque
1501 852 1817 917 fenestras
1845 850 2165 916 videntur.
2256 848 2554 914 Christus
2582 870 2730 914 vero

823 963 925 1023 est
968 979 1048 1023 ex
1089 956 1518 1035 humanitate,
1547 954 1734 1043 quasi
1777 954 2041 1039 pariete,
2071 961 2140 1018 et
2184 953 2516 1018 divinitate
2558 952 2732 1018 inter

825 1060 1298 1125 humanitatem
1339 1059 1619 1124 lucente.
1708 1058 1942 1142 Itaque
1971 1057 2269 1122 Christus
2295 1055 2581 1122 fenestra
2607 1062 2728 1133 est,

823 1165 1026 1229 immo
1052 1163 1353 1229 fenestrae
1382 1162 1668 1248 quinque
1694 1161 1765 1226 in
1793 1183 1872 1226 eo
1899 1160 2409 1226 considerantur.
2498 1160 2581 1224 Id
2610 1165 2729 1237 est,

823 1266 1204 1346 incarnatio,
1263 1265 1680 1344 conversatio,
1741 1263 2032 1330 doctrina
2088 1263 2248 1347 ejus,
2326 1262 2729 1341 resurrectio,

825 1369 1131 1450 ascensio,
1178 1391 1294 1454 per
1344 1389 1487 1454 quse
1543 1368 1657 1433 illa
1707 1367 1991 1452 quinque
2049 1366 2131 1432 de
2187 1366 2729 1450 contemplatione

825 1472 1001 1537 dicta
1042 1478 1218 1538 sunt.
1305 1470 1482 1537 Nam
1524 1490 1641 1555 per
1679 1469 2193 1535 incarnationem
2223 1468 2468 1534 Christi
2504 1468 2729 1534 multis

823 1575 1235 1641 manifestata
1263 1580 1418 1639 sunt
1444 1580 1712 1659 peccata
1740 1580 1806 1638 et
1838 1572 2174 1651 Gehenna,
2206 1593 2350 1656 quse
2377 1571 2556 1657 prius
2592 1593 2726 1637 non

824 1679 1350 1744 attendebantur.
1439 1676 1856 1742 Conversatio
1891 1676 2032 1760 ejus
2070 1682 2289 1759 aperte
2319 1675 2539 1741 docuit
2566 1696 2725 1760 prse-

824 1781 1035 1846 sentia
1076 1787 1510 1859 contemnere,
1542 1786 1610 1845 et
1649 1779 1733 1844 ad
1770 1779 1993 1843 futura
2035 1799 2214 1862 spem
2258 1777 2551 1861 dirigere.
2642 1778 2727 1845 In

824 1883 1118 1949 doctrina
1158 1884 1298 1968 ejus
1342 1882 1497 1947 satis
1547 1882 1763 1966 agitur
1807 1880 1889 1947 de
1927 1881 2173 1965 judicio
2219 1887 2285 1946 et
2330 1901 2553 1966 regno.
2641 1880 2725 1947 In

820 1986 1290 2055 resurrectione
1334 1987 1476 2071 ejus
1520 1992 1819 2051 ostensus
1865 1991 1966 2050 est
2016 1983 2360 2068 corporalis
2407 1990 2614 2048 status
2660 1989 2727 2047 et

823 2090 1220 2174 glorificatio,
1266 2089 1421 2175 quia
1458 2080 1677 2174 'qualis
1734 2089 1892 2172 ipse,
1942 2087 2106 2152 tales
2156 2093 2223 2150 et
2274 2087 2372 2150 sui
2423 2108 2541 2171 pro
2589 2108 2726 2151 mo-

822 2193 977 2259 dulo
1003 2193 1209 2258 futuri
1238 2200 1409 2271 sunt.
1500 2192 1587 2256 In
1634 2191 2004 2256 ascensione
2048 2196 2268 2254 autem
2309 2190 2724 2273 quantulum-

822 2316 1078 2379 cunque
1113 2294 1466 2359 revelatum
1505 2299 1624 2371 est,
1657 2291 1974 2376 quomodo
2012 2291 2275 2376 spiritus
2318 2297 2537 2356 noster
2574 2312 2725 2355 cum

825 2397 966 2462 Deo
1010 2396 1317 2462 vivendus
1367 2402 1486 2460 est.
1579 2395 1797 2460 Homo
1847 2394 2023 2459 enim
2067 2394 2178 2460 ille
2224 2393 2544 2479 quomodo
2587 2395 2726 2459 sine

823 2500 1001 2565 omni
1038 2499 1331 2564 vehiculo
1369 2499 1611 2582 absque
1650 2498 1828 2563 omni
1867 2497 2135 2582 alicujus
2174 2505 2484 2563 creaturae
2522 2498 2725 2562 admi-

822 2604 1039 2667 niculo
1080 2602 1311 2666 elevari
1354 2609 1421 2666 et
1463 2600 1800 2666 transferri
1842 2601 2075 2685 potuit,
2105 2599 2231 2664 nisi
2275 2621 2389 2684 per
2432 2600 2723 2665 divinita-

820 2713 954 2772 tem
985 2706 1108 2770 sibi
1135 2705 1389 2770 unitam
1406 2707 1436 2768 ¹?
1515 2705 1750 2788 Itaque
1779 2703 2162 2768 chirothecae
2192 2725 2441 2786 sponsae
2470 2711 2624 2769 sunt
2652 2703 2724 2767 in

822 2831 1024 2874 manu
1052 2809 1295 2888 dextra,
1327 2807 1393 2872 id
1425 2815 1543 2887 est,
1575 2808 1830 2872 actione
1859 2807 2034 2892 quod
2071 2807 2284 2891 ipsum
2322 2807 2408 2870 sit
2449 2814 2721 2884 rectum,

822 2911 1276 2990 voluntarium,
1321 2933 1576 2996 purum,
1620 2910 1989 2989 discretum,
2032 2917 2099 2975 et
2141 2911 2421 2973 firmum.
2511 2910 2596 2972 In
2641 2910 2723 2972 si-

821 3015 1027 3079 nistra
1076 3035 1295 3094 manu,
1343 3014 1409 3078 id
1460 3021 1560 3079 est
1610 3014 2174 3098 contemplatione,
2219 3013 2391 3098 quod
2440 3013 2721 3098 primum

818 3118 1380 3184 considerarentur
1420 3125 1703 3203 peccata,
1742 3124 1809 3182 et
1848 3118 2185 3194 Gehenna,
2223 3118 2457 3183 deinde
2500 3139 2723 3202 sequa-

818 3230 931 3288 tur
968 3229 1376 3307 contemptus
1413 3221 1829 3306 praesentium
1867 3228 1934 3285 et
1975 3242 2118 3304 spes
2155 3220 2544 3299 futurorum,
2580 3227 2724 3306 post

810 3325 1150 3410 judicium,
1181 3333 1247 3389 et
1276 3346 1572 3408 regnum,
1596 3324 2034 3407 subsequatur
2073 3327 2279 3386 status
2324 3322 2625 3405 corporis,
2657 3331 2725 3388 et

821 3427 1218 3512 glorificatiO,
1279 3425 1362 3490 ad
1435 3427 1739 3490 ultimum
1797 3426 2007 3491 unitio
2064 3425 2272 3490 nostri
2336 3445 2486 3489 cum
2560 3427 2721 3491 Deo·

821 3529 1118 3594 Christus
1165 3528 1515 3593 ascendens
1561 3529 1700 3595 haec
1746 3530 1966 3594 omnia
2012 3529 2085 3593 in
2135 3549 2369 3612 sponsa
2412 3550 2529 3603 sua
2569 3550 2724 3595 con-

821 3632 1185 3710 summavit,
1216 3639 1283 3697 et
1321 3653 1465 3696 eam
1503 3632 2007 3698 conservandam
2044 3632 2345 3717 apostolis
2380 3633 2722 3712 commisit,

818 3742 887 3799 et
934 3756 1019 3799 ne
1066 3734 1147 3799 ab
1196 3733 1659 3821 Hierosolymis
1704 3735 2105 3801 discederent
2147 3736 2471 3820 praecepit,
2520 3735 2725 3800 donec

819 3838 1248 3905 induerentur
1291 3838 1527 3904 virtute
1571 3860 1652 3905 ex
1694 3841 1847 3904 alto.
1935 3841 2093 3905 Post
2140 3839 2274 3904 dies
2322 3839 2543 3904 decem
2586 3839 2724 3922 ipso

818 3940 944 4021 die,
975 3941 1215 4007 scilicet
1254 3943 1705 4023 Pentecosten,
1736 3942 2086 4008 exercitum
2131 3963 2442 4025 magnum
2486 3948 2552 4006 et
2594 3943 2723 4007 for·

819 4051 955 4110 tem
995 4045 1171 4109 misit
1211 4066 1247 4110 e
1287 4046 1466 4125 coelo,
1496 4046 1564 4110 id
1603 4052 1702 4111 est
1741 4047 2037 4129 spiritum
2070 4052 2388 4123 sanctum,
2421 4045 2532 4129 qui
2570 4065 2720 4109 con-

819 4148 973 4213 tulit
1017 4149 1107 4213 eis
1152 4170 1394 4233 pacem,
1426 4150 1756 4234 gaudium,
1788 4156 1855 4214 et
1884 4156 2146 4214 caeteros
2174 4148 2422 4213 fructus
2462 4148 2723 4231 spiritus

820 4272 980 4334 quos
1032 4258 1367 4315 enumerat
1415 4252 1758 4335 apostolus.
1851 4252 2105 4318 Quibus
2150 4251 2306 4316 facti
2352 4257 2723 4314 constantes

817 4362 887 4418 et
915 4353 1114 4419 fortes
1145 4354 1406 4419 hostiles
1438 4376 1673 4435 cuneos
1705 4355 2189 4439 aggrediuntur,
2224 4360 2289 4418 et
2320 4354 2552 4417 Petrus
2595 4374 2727 4416 una
