3200 5392
631 868 767 911 Am.
802 847 1197 931 1161—89.]
1298 868 1632 929 nnsroLAE
1665 868 1988 918 QUAEDAM.
2409 851 2530 914 185

591 1264 594 1269 ⁴
626 1196 1070 1263 EPISTOLA
1113 1198 2078 1264 CCCCXXXV1.—ncc1.nsm
2122 1218 2534 1264 Aneucanffl

1048 1322 1139 1364 An
1171 1321 1469 1365 monam
1503 1322 2108 1367 cANwAnmNsnM.

637 1450 987 1515 Venerabili
1015 1452 1200 1533 patri
1228 1458 1290 1516 et
1319 1452 1563 1516 domino
1599 1453 1860 1531 leomae,
1891 1452 2015 1516 Dei
2050 1452 2268 1534 qratia
2304 1453 2533 1516 Cantu-

711 1554 944 1616 ariensi
989 1554 1471 1636 archiepiscopo,
1517 1553 1902 1637 sufflayanei
1951 1553 2219 1635 ejusdem
2268 1555 2535 1618 ecclesioe

710 1655 998 1737 episcopi,
1051 1660 1113 1718 et
1155 1676 1441 1738 personae
1484 1675 1610 1737 per
1666 1655 1994 1720 eorundem
2052 1650 2322 1720 dioceses
2381 1656 2535 1719 locis

708 1754 907 1816 variis
950 1756 1312 1833 constitutoe,
1359 1753 1631 1817 debitam
1672 1754 2104 1837 subjectionem
2147 1761 2209 1819 et
2251 1755 2532 1819 obedien-

713 1860 888 1921 tiam.

712 2005 883 2072 Qum
925 2012 1158 2085 vestro,
1206 2012 1411 2090 pater,
1458 2007 1531 2070 in
1575 2006 1933 2090 longinqua
1978 2006 2277 2086 discessu,
2325 2008 2532 2091 inopi-

622 2112 780 2198 nata
821 2108 916 2172 rei
957 2107 1159 2191 ipsius
1202 2108 1510 2186 novitate,
1550 2107 1816 2173 turbata
1859 2114 2033 2197 sunt,
2062 2115 2276 2172 vestra
2319 2129 2532 2191 spera-

621 2208 853 2285 bamus
893 2207 1263 2274 humilitate
1304 2217 1370 2275 et
1410 2209 1757 2293 prudentia
1794 2210 1865 2274 in
1904 2209 2077 2294 pacis
2117 2210 2405 2294 pristinae
2436 2230 2533 2273 se-

622 2312 968 2376 renitatem
998 2318 1380 2396 cooperante
1410 2312 1537 2376 Dei
1572 2313 1783 2396 gratia
1809 2312 2113 2378 revocari.
2201 2313 2362 2375 Erat
2391 2312 2532 2395 qui-

624 2415 772 2480 dem
816 2415 1002 2480 nobis
1048 2414 1294 2494 solati0,
1327 2415 1497 2498 quod
1539 2420 1687 2498 post
1730 2413 2080 2479 discessum
2122 2421 2405 2478 vestrum
2449 2414 2533 2481 ad

623 2538 845 2583 omnes
884 2517 1056 2606 illico
1095 2517 1270 2582 fama
1308 2517 1679 2601 divulgante
1716 2517 2027 2601 pervenit,
2064 2537 2175 2582 vos
2215 2517 2425 2581 solum
2464 2524 2531 2582 et

619 2621 692 2685 in
742 2620 1189 2685 transmarinis
1248 2627 1548 2704 agentem
1601 2620 1701 2683 nil
1752 2621 1960 2684 altum
2011 2640 2252 2705 sapere,
2301 2641 2410 2710 vos
2460 2620 2532 2684 in

622 2725 960 2792 dominum
1018 2735 1315 2792 nostrum
1370 2748 1595 2812 regem
1655 2739 1766 2813 aut
1823 2749 2104 2812 regnum
2153 2727 2292 2811 ejus
2349 2727 2534 2791 nulla

621 2828 1097 2894 machinatione
1136 2828 1490 2913 insurgere,
1532 2829 1647 2893 sed
1690 2835 1919 2913 sponte
1959 2834 2329 2912 susceptum
2375 2850 2530 2912 pau-

621 2934 889 3017 pertatis
940 2954 1106 2998 onus
1157 2955 1306 2999 cum
1356 2934 1674 2998 modestia
1726 2933 2086 2999 sustinere:
2149 2932 2412 2997 lectioni
2464 2940 2532 2998 et

621 3034 899 3099 orationi
938 3035 1255 3113 insistere,
1285 3034 1887 3119 praeteritorumque
1920 3036 2247 3119 jacturam
2283 3043 2530 3120 tempo-

620 3157 769 3200 rum
806 3136 1090 3220 jejuniis,
1121 3136 1373 3219 vigiliis,
1413 3137 1887 3221 lachrymisque
1929 3137 2265 3212 redimere,
2296 3144 2364 3225 et
2404 3138 2531 3221 spi-

621 3237 964 3302 ritualibus
1004 3244 1391 3321 oecupatum
1430 3238 1660 3302 studiis
1704 3238 1787 3324 ad
1829 3238 2238 3323 perfectionis
2282 3240 2526 3323 apicem

621 3340 828 3405 beatis
874 3340 1192 3404 virtutum
1235 3339 1654 3404 incrementis
1701 3340 2108 3405 adscendere.
2197 3340 2305 3404 Ad
2354 3342 2530 3425 pacis

620 3444 794 3508 bona
821 3442 1230 3507 reformanda
1256 3463 1365 3506 vos
1406 3441 1638 3506 studiis
1676 3441 2048 3527 hujusmodi
2090 3443 2530 3526 gaudebamus

619 3546 937 3624 insistere,
969 3566 1047 3610 ex
1079 3545 1311 3629 quibus
1342 3566 1485 3629 spes
1515 3552 1654 3610 erat
1683 3565 1793 3610 vos
1832 3546 1903 3609 in
1943 3566 2053 3609 cor
2093 3546 2340 3610 domini
2378 3568 2529 3611 nos-

620 3650 707 3714 tri
762 3649 932 3733 regis
990 3648 1159 3712 hanc
1218 3667 1402 3731 posse
1463 3647 1741 3731 gratiam
1801 3648 2075 3731 desuper
2125 3668 2404 3728 evocare,
2453 3656 2530 3714 ut

620 3753 795 3817 vobis
821 3752 985 3816 iram
1026 3751 1206 3835 regia
1242 3750 1482 3835 pietate
1520 3750 1902 3828 remitteret,
1935 3757 2000 3815 et
2039 3751 2249 3815 illatas
2287 3752 2360 3815 in
2401 3751 2527 3816 dis-

622 3877 805 3920 cessu
847 3862 914 3920 et
957 3876 1035 3921 ex
1081 3855 1365 3919 discessu
1391 3860 1604 3918 vestro
1633 3854 1904 3938 injurias
1935 3853 2017 3919 ad
2048 3875 2157 3918 cor
2185 3855 2266 3919 de
2295 3862 2528 3920 caetero

621 3979 757 4021 non
794 3964 1138 4022 revocaret.
1226 3957 1388 4022 Erat
1429 3956 1650 4020 amicis
1690 3958 1935 4043 vestris,
1966 3963 2032 4025 et
2074 3957 2399 4023 benevolis
2442 3958 2527 4022 ad

622 4059 835 4143 ipsum
880 4058 1129 4142 aliquis,
1160 4058 1319 4147 dum
1361 4059 1500 4123 haec
1543 4058 1626 4122 de
1669 4058 1846 4124 vobis
1891 4058 2288 4138 audirentur,
2321 4081 2527 4125 acces-

625 4181 753 4238 sus,
798 4165 865 4224 et
908 4159 991 4224 ob
1035 4158 1503 4225 conciliandam
1545 4159 1724 4225 vobis
1771 4161 2046 4245 gratiam
2094 4161 2527 4245 supplicantes

622 4263 903 4348 benigne
961 4262 1346 4347 quandoque
1404 4262 1734 4328 sustinuit.
1825 4265 1869 4328 J
1871 4286 1976 4329 am
2035 4283 2183 4327 vero
2241 4283 2526 4346 quorun-

623 4368 774 4433 dam
817 4366 1129 4432 relatione
1174 4365 1530 4446 didicimus,
1573 4367 1746 4452 quod
1790 4367 1871 4432 ad
1917 4365 2291 4431 memoriam
2337 4365 2548 4453 anxie„
