<?xml version="1.0" encoding="UTF-8"?>
<!DOCTYPE html PUBLIC "-//W3C//DTD XHTML 1.0 Transitional//EN"
    "http://www.w3.org/TR/xhtml1/DTD/xhtml1-transitional.dtd">
<html xmlns="http://www.w3.org/1999/xhtml" xml:lang="en" lang="en">
 <head>
  <title>
</title>
<meta http-equiv="Content-Type" content="text/html;charset=utf-8" />
  <meta name='ocr-system' content='tesseract 3.04.00' />
  <meta name='ocr-capabilities' content='ocr_page ocr_carea ocr_par ocr_line ocrx_word'/>
</head>
<body>
  <div class='ocr_page' id='page_1' title='image "./gilbertiexabbat01gilegoog_0113.png"; bbox 0 0 3200 5392; ppageno 0'>
   <div class='ocr_carea' id='block_1_1' title="bbox 528 958 2428 1041">
    <p class='ocr_par' dir='ltr' id='par_1_1' title="bbox 528 958 2428 1041">
     <span class='ocr_line' id='line_1_1' title="bbox 528 958 2428 1041; baseline 0.003 -23"><span class='ocrx_word' id='word_1_1' title='bbox 528 977 665 1019; x_wconf 65' lang='lat' dir='ltr'><strong>Am.</strong></span> <span class='ocrx_word' id='word_1_2' title='bbox 705 958 1097 1041; x_wconf 87' lang='lat'><strong>1161—89.]</strong></span> <span class='ocrx_word' id='word_1_3' title='bbox 1197 976 1528 1020; x_wconf 76' lang='lat' dir='ltr'><strong>Ems&#39;rOLAE</strong></span> <span class='ocrx_word' id='word_1_4' title='bbox 1561 978 1885 1029; x_wconf 77' lang='lat' dir='ltr'><strong>QUAEDAM.</strong></span> <span class='ocrx_word' id='word_1_5' title='bbox 2343 961 2428 1025; x_wconf 82' lang='lat'><strong>97</strong></span> 
     </span>
    </p>
   </div>
   <div class='ocr_carea' id='block_1_2' title="bbox 516 1092 2512 3022">
    <p class='ocr_par' dir='ltr' id='par_1_2' title="bbox 516 1092 2512 3022">
     <span class='ocr_line' id='line_1_2' title="bbox 529 1092 2435 1182; baseline 0.003 -29"><span class='ocrx_word' id='word_1_6' title='bbox 529 1092 838 1174; x_wconf 76' lang='lat' dir='ltr'><strong>praefigat,</strong></span> <span class='ocrx_word' id='word_1_7' title='bbox 888 1114 1008 1156; x_wconf 91' lang='lat' dir='ltr'><strong>nec</strong></span> <span class='ocrx_word' id='word_1_8' title='bbox 1054 1099 1276 1155; x_wconf 88' lang='lat' dir='ltr'><strong>tamen</strong></span> <span class='ocrx_word' id='word_1_9' title='bbox 1324 1114 1464 1155; x_wconf 88' lang='lat' dir='ltr'><strong>eam</strong></span> <span class='ocrx_word' id='word_1_10' title='bbox 1515 1094 1594 1156; x_wconf 85' lang='lat' dir='ltr'><strong>ad</strong></span> <span class='ocrx_word' id='word_1_11' title='bbox 1646 1093 1817 1157; x_wconf 91' lang='lat' dir='ltr'><strong>diem</strong></span> <span class='ocrx_word' id='word_1_12' title='bbox 1864 1095 2195 1182; x_wconf 80' lang='lat' dir='ltr'><strong>praefixum</strong></span> <span class='ocrx_word' id='word_1_13' title='bbox 2239 1095 2435 1159; x_wconf 89' lang='lat' dir='ltr'><strong>fuerit</strong></span> 
     </span>
     <span class='ocr_line' id='line_1_3' title="bbox 529 1196 2433 1278; baseline 0.003 -21"><span class='ocrx_word' id='word_1_14' title='bbox 529 1203 977 1277; x_wconf 90' lang='lat' dir='ltr'><strong>prosequutus,</strong></span> <span class='ocrx_word' id='word_1_15' title='bbox 1023 1196 1236 1278; x_wconf 91' lang='lat' dir='ltr'><strong>ipsum</strong></span> <span class='ocrx_word' id='word_1_16' title='bbox 1281 1196 1702 1259; x_wconf 90' lang='lat' dir='ltr'><strong>nihilominus</strong></span> <span class='ocrx_word' id='word_1_17' title='bbox 1755 1218 1834 1259; x_wconf 85' lang='lat' dir='ltr'><strong>ex</strong></span> <span class='ocrx_word' id='word_1_18' title='bbox 1880 1203 2040 1260; x_wconf 89' lang='lat' dir='ltr'><strong>tunc</strong></span> <span class='ocrx_word' id='word_1_19' title='bbox 2093 1199 2433 1263; x_wconf 86' lang='lat' dir='ltr'><strong>sententiae</strong></span> 
     </span>
     <span class='ocr_line' id='line_1_4' title="bbox 527 1297 2431 1383; baseline 0.003 -24"><span class='ocrx_word' id='word_1_20' title='bbox 527 1303 660 1360; x_wconf 87' lang='lat' dir='ltr'><strong>tuae</strong></span> <span class='ocrx_word' id='word_1_21' title='bbox 701 1298 866 1360; x_wconf 92' lang='lat' dir='ltr'><strong>sicut</strong></span> <span class='ocrx_word' id='word_1_22' title='bbox 909 1298 987 1361; x_wconf 92' lang='lat' dir='ltr'><strong>de</strong></span> <span class='ocrx_word' id='word_1_23' title='bbox 1033 1297 1156 1361; x_wconf 91' lang='lat' dir='ltr'><strong>alio</strong></span> <span class='ocrx_word' id='word_1_24' title='bbox 1202 1298 1500 1377; x_wconf 88' lang='lat' dir='ltr'><strong>diximus,</strong></span> <span class='ocrx_word' id='word_1_25' title='bbox 1545 1299 1974 1382; x_wconf 83' lang='lat' dir='ltr'><strong>appellatione</strong></span> <span class='ocrx_word' id='word_1_26' title='bbox 2013 1307 2279 1379; x_wconf 90' lang='lat' dir='ltr'><strong>remota,</strong></span> <span class='ocrx_word' id='word_1_27' title='bbox 2321 1323 2431 1383; x_wconf 88' lang='lat' dir='ltr'><strong>pa-</strong></span> 
     </span>
     <span class='ocr_line' id='line_1_5' title="bbox 526 1392 2512 1486; baseline 0.003 -24"><span class='ocrx_word' id='word_1_28' title='bbox 526 1420 663 1462; x_wconf 88' lang='lat' dir='ltr'><strong>rere</strong></span> <span class='ocrx_word' id='word_1_29' title='bbox 703 1401 1123 1483; x_wconf 78' lang='lat' dir='ltr'>constringas,</span> <span class='ocrx_word' id='word_1_30' title='bbox 1215 1402 1462 1464; x_wconf 87' lang='lat' dir='ltr'><strong>Verum</strong></span> <span class='ocrx_word' id='word_1_31' title='bbox 1508 1402 1560 1464; x_wconf 91' lang='lat' dir='ltr'><strong>si</strong></span> <span class='ocrx_word' id='word_1_32' title='bbox 1607 1423 1821 1466; x_wconf 85' lang='lat' dir='ltr'><strong>coram</strong></span> <span class='ocrx_word' id='word_1_33' title='bbox 1861 1409 1928 1465; x_wconf 90' lang='lat' dir='ltr'><strong>te</strong></span> <span class='ocrx_word' id='word_1_34' title='bbox 1970 1403 2071 1466; x_wconf 88' lang='lat' dir='ltr'><strong>vel</strong></span> <span class='ocrx_word' id='word_1_35' title='bbox 2111 1403 2235 1467; x_wconf 90' lang='lat' dir='ltr'><strong>alio</strong></span> <span class='ocrx_word' id='word_1_36' title='bbox 2276 1425 2431 1486; x_wconf 87' lang='lat' dir='ltr'><strong>quo·</strong></span> <span class='ocrx_word' id='word_1_37' title='bbox 2508 1392 2512 1396; x_wconf 31' lang='lat'><strong>¹</strong></span> 
     </span>
     <span class='ocr_line' id='line_1_6' title="bbox 525 1502 2430 1587; baseline 0.002 -22"><span class='ocrx_word' id='word_1_38' title='bbox 525 1502 681 1566; x_wconf 90' lang='lat' dir='ltr'><strong>libet</strong></span> <span class='ocrx_word' id='word_1_39' title='bbox 721 1503 1090 1587; x_wconf 85' lang='lat' dir='ltr'><strong>hujusmodi</strong></span> <span class='ocrx_word' id='word_1_40' title='bbox 1119 1504 1380 1586; x_wconf 87' lang='lat' dir='ltr'><strong>negotia</strong></span> <span class='ocrx_word' id='word_1_41' title='bbox 1409 1505 1823 1583; x_wconf 84' lang='lat' dir='ltr'><strong>ventilentur,</strong></span> <span class='ocrx_word' id='word_1_42' title='bbox 1855 1505 2182 1568; x_wconf 89' lang='lat' dir='ltr'><strong>noluimus</strong></span> <span class='ocrx_word' id='word_1_43' title='bbox 2212 1513 2288 1569; x_wconf 88' lang='lat' dir='ltr'><strong>ut</strong></span> <span class='ocrx_word' id='word_1_44' title='bbox 2317 1506 2430 1569; x_wconf 90' lang='lat' dir='ltr'><strong>ali-</strong></span> 
     </span>
     <span class='ocr_line' id='line_1_7' title="bbox 526 1605 2428 1691; baseline 0.002 -23"><span class='ocrx_word' id='word_1_45' title='bbox 526 1606 635 1686; x_wconf 90' lang='lat' dir='ltr'><strong>qui</strong></span> <span class='ocrx_word' id='word_1_46' title='bbox 678 1605 903 1669; x_wconf 90' lang='lat' dir='ltr'><strong>morbo</strong></span> <span class='ocrx_word' id='word_1_47' title='bbox 950 1606 1140 1669; x_wconf 87' lang='lat' dir='ltr'><strong>simili</strong></span> <span class='ocrx_word' id='word_1_48' title='bbox 1183 1606 1548 1670; x_wconf 83' lang='lat' dir='ltr'><strong>laborantes</strong></span> <span class='ocrx_word' id='word_1_49' title='bbox 1595 1608 1647 1670; x_wconf 91' lang='lat' dir='ltr'><strong>si</strong></span> <span class='ocrx_word' id='word_1_50' title='bbox 1693 1611 1942 1671; x_wconf 89' lang='lat' dir='ltr'><strong>certum</strong></span> <span class='ocrx_word' id='word_1_51' title='bbox 1988 1609 2070 1671; x_wconf 91' lang='lat' dir='ltr'><strong>sit</strong></span> <span class='ocrx_word' id='word_1_52' title='bbox 2115 1616 2229 1672; x_wconf 89' lang='lat' dir='ltr'><strong>aut</strong></span> <span class='ocrx_word' id='word_1_53' title='bbox 2271 1609 2428 1691; x_wconf 90' lang='lat' dir='ltr'><strong>legi-</strong></span> 
     </span>
     <span class='ocr_line' id='line_1_8' title="bbox 522 1708 2429 1792; baseline 0.002 -22"><span class='ocrx_word' id='word_1_54' title='bbox 522 1709 679 1771; x_wconf 88' lang='lat' dir='ltr'><strong>time</strong></span> <span class='ocrx_word' id='word_1_55' title='bbox 708 1710 954 1791; x_wconf 87' lang='lat' dir='ltr'><strong>possint</strong></span> <span class='ocrx_word' id='word_1_56' title='bbox 985 1709 1276 1773; x_wconf 84' lang='lat' dir='ltr'><strong>convinci</strong></span> <span class='ocrx_word' id='word_1_57' title='bbox 1307 1729 1497 1790; x_wconf 90' lang='lat' dir='ltr'><strong>super</strong></span> <span class='ocrx_word' id='word_1_58' title='bbox 1526 1708 1646 1785; x_wconf 85' lang='lat' dir='ltr'><strong>his,</strong></span> <span class='ocrx_word' id='word_1_59' title='bbox 1675 1709 1732 1771; x_wconf 86' lang='lat' dir='ltr'><strong>si</strong></span> <span class='ocrx_word' id='word_1_60' title='bbox 1773 1708 1853 1771; x_wconf 89' lang='lat' dir='ltr'><strong>ab</strong></span> <span class='ocrx_word' id='word_1_61' title='bbox 1896 1709 2205 1773; x_wconf 87' lang='lat' dir='ltr'><strong>alterutra</strong></span> <span class='ocrx_word' id='word_1_62' title='bbox 2246 1717 2429 1792; x_wconf 88' lang='lat' dir='ltr'><strong>parte</strong></span> 
     </span>
     <span class='ocr_line' id='line_1_9' title="bbox 524 1811 2430 1894; baseline 0.001 -21"><span class='ocrx_word' id='word_1_63' title='bbox 524 1811 780 1875; x_wconf 88' lang='lat' dir='ltr'><strong>adducti</strong></span> <span class='ocrx_word' id='word_1_64' title='bbox 851 1812 1114 1891; x_wconf 84' lang='lat' dir='ltr'><strong>fuerint,</strong></span> <span class='ocrx_word' id='word_1_65' title='bbox 1174 1812 1243 1873; x_wconf 91' lang='lat' dir='ltr'><strong>in</strong></span> <span class='ocrx_word' id='word_1_66' title='bbox 1304 1812 1749 1875; x_wconf 90' lang='lat' dir='ltr'><strong>testimonium</strong></span> <span class='ocrx_word' id='word_1_67' title='bbox 1823 1811 2232 1894; x_wconf 84' lang='lat' dir='ltr'><strong>recipiantur.</strong></span> <span class='ocrx_word' id='word_1_68' title='bbox 2321 1813 2430 1875; x_wconf 90' lang='lat' dir='ltr'><strong>Ad</strong></span> 
     </span>
     <span class='ocr_line' id='line_1_10' title="bbox 521 1913 2427 1996; baseline 0.001 -20"><span class='ocrx_word' id='word_1_69' title='bbox 521 1913 677 1992; x_wconf 86' lang='lat' dir='ltr'><strong>haec,</strong></span> <span class='ocrx_word' id='word_1_70' title='bbox 711 1914 790 1978; x_wconf 90' lang='lat' dir='ltr'><strong>de</strong></span> <span class='ocrx_word' id='word_1_71' title='bbox 826 1915 1152 1979; x_wconf 88' lang='lat' dir='ltr'><strong>sacerdote</strong></span> <span class='ocrx_word' id='word_1_72' title='bbox 1193 1915 1303 1977; x_wconf 94' lang='lat' dir='ltr'><strong>illo</strong></span> <span class='ocrx_word' id='word_1_73' title='bbox 1346 1915 1455 1996; x_wconf 91' lang='lat' dir='ltr'><strong>qui</strong></span> <span class='ocrx_word' id='word_1_74' title='bbox 1497 1914 1717 1978; x_wconf 86' lang='lat' dir='ltr'><strong>literas</strong></span> <span class='ocrx_word' id='word_1_75' title='bbox 1760 1921 2012 1977; x_wconf 88' lang='lat' dir='ltr'><strong>nostras</strong></span> <span class='ocrx_word' id='word_1_76' title='bbox 2044 1935 2201 1996; x_wconf 90' lang='lat' dir='ltr'><strong>quas</strong></span> <span class='ocrx_word' id='word_1_77' title='bbox 2240 1914 2427 1978; x_wconf 91' lang='lat' dir='ltr'><strong>nobis</strong></span> 
     </span>
     <span class='ocr_line' id='line_1_11' title="bbox 522 2016 2425 2099; baseline 0.001 -22"><span class='ocrx_word' id='word_1_78' title='bbox 522 2016 753 2080; x_wconf 89' lang='lat' dir='ltr'><strong>misisti</strong></span> <span class='ocrx_word' id='word_1_79' title='bbox 795 2017 1067 2093; x_wconf 86' lang='lat' dir='ltr'><strong>falsavit,</strong></span> <span class='ocrx_word' id='word_1_80' title='bbox 1101 2017 1471 2081; x_wconf 87' lang='lat' dir='ltr'><strong>discretioni</strong></span> <span class='ocrx_word' id='word_1_81' title='bbox 1514 2024 1643 2079; x_wconf 87' lang='lat' dir='ltr'><strong>tuae</strong></span> <span class='ocrx_word' id='word_1_82' title='bbox 1687 2016 2105 2099; x_wconf 79' lang='lat' dir='ltr'><strong>praesentium</strong></span> <span class='ocrx_word' id='word_1_83' title='bbox 2151 2018 2425 2081; x_wconf 88' lang='lat' dir='ltr'><strong>auctori-</strong></span> 
     </span>
     <span class='ocr_line' id='line_1_12' title="bbox 523 2120 2429 2202; baseline 0.002 -22"><span class='ocrx_word' id='word_1_84' title='bbox 523 2125 659 2181; x_wconf 87' lang='lat' dir='ltr'><strong>tate</strong></span> <span class='ocrx_word' id='word_1_85' title='bbox 702 2120 1126 2202; x_wconf 73' lang='lat' dir='ltr'><strong>praecipimus,</strong></span> <span class='ocrx_word' id='word_1_86' title='bbox 1166 2126 1237 2183; x_wconf 91' lang='lat' dir='ltr'><strong>ut</strong></span> <span class='ocrx_word' id='word_1_87' title='bbox 1283 2120 1336 2182; x_wconf 92' lang='lat' dir='ltr'><strong>si</strong></span> <span class='ocrx_word' id='word_1_88' title='bbox 1379 2120 1654 2182; x_wconf 88' lang='lat' dir='ltr'><strong>inveniri</strong></span> <span class='ocrx_word' id='word_1_89' title='bbox 1697 2121 1952 2201; x_wconf 90' lang='lat' dir='ltr'><strong>poterit,</strong></span> <span class='ocrx_word' id='word_1_90' title='bbox 1999 2121 2178 2183; x_wconf 91' lang='lat' dir='ltr'><strong>omni</strong></span> <span class='ocrx_word' id='word_1_91' title='bbox 2222 2120 2429 2185; x_wconf 92' lang='lat' dir='ltr'><strong>officio</strong></span> 
     </span>
     <span class='ocr_line' id='line_1_13' title="bbox 523 2221 2427 2303; baseline 0.002 -21"><span class='ocrx_word' id='word_1_92' title='bbox 523 2221 899 2284; x_wconf 90' lang='lat' dir='ltr'><strong>sacerdotali</strong></span> <span class='ocrx_word' id='word_1_93' title='bbox 944 2228 1008 2283; x_wconf 91' lang='lat' dir='ltr'><strong>et</strong></span> <span class='ocrx_word' id='word_1_94' title='bbox 1052 2221 1363 2285; x_wconf 86' lang='lat' dir='ltr'><strong>beneficio</strong></span> <span class='ocrx_word' id='word_1_95' title='bbox 1405 2221 1828 2284; x_wconf 87' lang='lat' dir='ltr'><strong>ecclesiastico</strong></span> <span class='ocrx_word' id='word_1_96' title='bbox 1871 2228 2179 2302; x_wconf 88' lang='lat' dir='ltr'><strong>perpetuo</strong></span> <span class='ocrx_word' id='word_1_97' title='bbox 2223 2222 2427 2303; x_wconf 89' lang='lat' dir='ltr'><strong>priva-</strong></span> 
     </span>
     <span class='ocr_line' id='line_1_14' title="bbox 520 2321 2426 2406; baseline 0 -21"><span class='ocrx_word' id='word_1_98' title='bbox 520 2330 685 2401; x_wconf 88' lang='lat' dir='ltr'><strong>tum,</strong></span> <span class='ocrx_word' id='word_1_99' title='bbox 724 2324 791 2385; x_wconf 90' lang='lat' dir='ltr'><strong>in</strong></span> <span class='ocrx_word' id='word_1_100' title='bbox 837 2322 1092 2406; x_wconf 83' lang='lat' dir='ltr'><strong>aliquod</strong></span> <span class='ocrx_word' id='word_1_101' title='bbox 1133 2324 1595 2386; x_wconf 89' lang='lat' dir='ltr'><strong>monasterium</strong></span> <span class='ocrx_word' id='word_1_102' title='bbox 1627 2321 1933 2385; x_wconf 74' lang='lat' dir='ltr'><strong>districtae</strong></span> <span class='ocrx_word' id='word_1_103' title='bbox 1961 2321 2287 2404; x_wconf 85' lang='lat' dir='ltr'><strong>religionis</strong></span> <span class='ocrx_word' id='word_1_104' title='bbox 2320 2322 2426 2385; x_wconf 92' lang='lat' dir='ltr'><strong>de-</strong></span> 
     </span>
     <span class='ocr_line' id='line_1_15' title="bbox 519 2423 2430 2507; baseline 0 -19"><span class='ocrx_word' id='word_1_105' title='bbox 519 2425 764 2501; x_wconf 89' lang='lat' dir='ltr'><strong>trudas,</strong></span> <span class='ocrx_word' id='word_1_106' title='bbox 806 2433 881 2490; x_wconf 91' lang='lat' dir='ltr'><strong>ut</strong></span> <span class='ocrx_word' id='word_1_107' title='bbox 940 2426 1031 2489; x_wconf 92' lang='lat' dir='ltr'><strong>ibi</strong></span> <span class='ocrx_word' id='word_1_108' title='bbox 1081 2426 1252 2489; x_wconf 89' lang='lat' dir='ltr'><strong>tanti</strong></span> <span class='ocrx_word' id='word_1_109' title='bbox 1295 2425 1595 2489; x_wconf 88' lang='lat' dir='ltr'><strong>facinoris</strong></span> <span class='ocrx_word' id='word_1_110' title='bbox 1639 2445 1863 2507; x_wconf 88' lang='lat' dir='ltr'><strong>poenas</strong></span> <span class='ocrx_word' id='word_1_111' title='bbox 1908 2423 2114 2502; x_wconf 89' lang='lat' dir='ltr'><strong>luens,</strong></span> <span class='ocrx_word' id='word_1_112' title='bbox 2162 2444 2229 2487; x_wconf 90' lang='lat' dir='ltr'><strong>se</strong></span> <span class='ocrx_word' id='word_1_113' title='bbox 2272 2424 2430 2488; x_wconf 86' lang='lat' dir='ltr'><strong>talia</strong></span> 
     </span>
     <span class='ocr_line' id='line_1_16' title="bbox 519 2525 2427 2610; baseline -0.002 -18"><span class='ocrx_word' id='word_1_114' title='bbox 519 2529 909 2593; x_wconf 89' lang='lat' dir='ltr'><strong>commisisse</strong></span> <span class='ocrx_word' id='word_1_115' title='bbox 958 2528 1207 2607; x_wconf 89' lang='lat' dir='ltr'><strong>defleat,</strong></span> <span class='ocrx_word' id='word_1_116' title='bbox 1260 2535 1325 2591; x_wconf 92' lang='lat' dir='ltr'><strong>et</strong></span> <span class='ocrx_word' id='word_1_117' title='bbox 1387 2528 1495 2591; x_wconf 89' lang='lat' dir='ltr'><strong>alii</strong></span> <span class='ocrx_word' id='word_1_118' title='bbox 1553 2549 1667 2610; x_wconf 89' lang='lat' dir='ltr'><strong>per</strong></span> <span class='ocrx_word' id='word_1_119' title='bbox 1725 2526 1846 2590; x_wconf 92' lang='lat' dir='ltr'><strong>hoc</strong></span> <span class='ocrx_word' id='word_1_120' title='bbox 1899 2549 1937 2589; x_wconf 90' lang='lat' dir='ltr'><strong>a</strong></span> <span class='ocrx_word' id='word_1_121' title='bbox 1987 2525 2427 2604; x_wconf 87' lang='lat' dir='ltr'><strong>consimilibus</strong></span> 
     </span>
     <span class='ocr_line' id='line_1_17' title="bbox 518 2629 2425 2711; baseline -0.001 -17"><span class='ocrx_word' id='word_1_122' title='bbox 518 2633 770 2696; x_wconf 87' lang='lat' dir='ltr'><strong>valeant</strong></span> <span class='ocrx_word' id='word_1_123' title='bbox 811 2632 890 2695; x_wconf 91' lang='lat' dir='ltr'><strong>de</strong></span> <span class='ocrx_word' id='word_1_124' title='bbox 931 2639 1144 2697; x_wconf 86' lang='lat' dir='ltr'><strong>cetero</strong></span> <span class='ocrx_word' id='word_1_125' title='bbox 1184 2631 1510 2695; x_wconf 83' lang='lat' dir='ltr'><strong>deterreri.</strong></span> <span class='ocrx_word' id='word_1_126' title='bbox 1604 2629 1796 2695; x_wconf 78' lang='lat' dir='ltr'><strong>Quod</strong></span> <span class='ocrx_word' id='word_1_127' title='bbox 1841 2630 1896 2692; x_wconf 93' lang='lat' dir='ltr'><strong>si</strong></span> <span class='ocrx_word' id='word_1_128' title='bbox 1936 2629 2178 2711; x_wconf 87' lang='lat' dir='ltr'><strong>aliquos</strong></span> <span class='ocrx_word' id='word_1_129' title='bbox 2219 2630 2425 2693; x_wconf 89' lang='lat' dir='ltr'><strong>consi-</strong></span> 
     </span>
     <span class='ocr_line' id='line_1_18' title="bbox 518 2732 2424 2815; baseline 0.001 -20"><span class='ocrx_word' id='word_1_130' title='bbox 518 2733 775 2797; x_wconf 89' lang='lat' dir='ltr'><strong>milibus</strong></span> <span class='ocrx_word' id='word_1_131' title='bbox 821 2734 1093 2797; x_wconf 89' lang='lat' dir='ltr'><strong>ulterius</strong></span> <span class='ocrx_word' id='word_1_132' title='bbox 1142 2732 1618 2815; x_wconf 88' lang='lat' dir='ltr'><strong>deprehendere</strong></span> <span class='ocrx_word' id='word_1_133' title='bbox 1669 2732 1927 2814; x_wconf 78' lang='lat' dir='ltr'><strong>poteriS,</strong></span> <span class='ocrx_word' id='word_1_134' title='bbox 1981 2732 2149 2814; x_wconf 92' lang='lat' dir='ltr'><strong>ipsos</strong></span> <span class='ocrx_word' id='word_1_135' title='bbox 2202 2732 2424 2796; x_wconf 88' lang='lat' dir='ltr'><strong>arctis-</strong></span> 
     </span>
     <span class='ocr_line' id='line_1_19' title="bbox 516 2835 2420 2918; baseline 0.001 -20"><span class='ocrx_word' id='word_1_136' title='bbox 516 2837 693 2900; x_wconf 87' lang='lat' dir='ltr'><strong>simae</strong></span> <span class='ocrx_word' id='word_1_137' title='bbox 723 2837 1047 2914; x_wconf 73' lang='lat' dir='ltr'><strong>custodiae,</strong></span> <span class='ocrx_word' id='word_1_138' title='bbox 1080 2836 1335 2899; x_wconf 87' lang='lat' dir='ltr'><strong>sublato</strong></span> <span class='ocrx_word' id='word_1_139' title='bbox 1365 2835 1807 2918; x_wconf 87' lang='lat' dir='ltr'><strong>appellationis</strong></span> <span class='ocrx_word' id='word_1_140' title='bbox 1847 2835 2152 2913; x_wconf 82' lang='lat' dir='ltr'><strong>remediO,</strong></span> <span class='ocrx_word' id='word_1_141' title='bbox 2183 2836 2420 2915; x_wconf 88' lang='lat' dir='ltr'><strong>tradas,</strong></span> 
     </span>
     <span class='ocr_line' id='line_1_20' title="bbox 516 2936 2159 3022; baseline -0.001 -21"><span class='ocrx_word' id='word_1_142' title='bbox 516 2938 721 3003; x_wconf 92' lang='lat' dir='ltr'><strong>donec</strong></span> <span class='ocrx_word' id='word_1_143' title='bbox 750 2939 1168 3022; x_wconf 89' lang='lat' dir='ltr'><strong>apostolicum</strong></span> <span class='ocrx_word' id='word_1_144' title='bbox 1199 2938 1548 3021; x_wconf 87' lang='lat' dir='ltr'><strong>susceperis</strong></span> <span class='ocrx_word' id='word_1_145' title='bbox 1577 2936 1730 3000; x_wconf 91' lang='lat' dir='ltr'><strong>inde</strong></span> <span class='ocrx_word' id='word_1_146' title='bbox 1759 2936 2159 3000; x_wconf 89' lang='lat' dir='ltr'><strong>mandatum.</strong></span> 
     </span>
    </p>
   </div>
   <div class='ocr_carea' id='block_1_3' title="bbox 536 3219 2398 3431">
    <p class='ocr_par' dir='ltr' id='par_1_3' title="bbox 536 3219 2398 3431">
     <span class='ocr_line' id='line_1_21' title="bbox 536 3219 2398 3331; baseline -0.001 -2"><span class='ocrx_word' id='word_1_147' title='bbox 536 3267 976 3330; x_wconf 73' lang='lat' dir='ltr'><strong>EPIsToLA</strong></span> <span class='ocrx_word' id='word_1_148' title='bbox 1022 3267 1899 3331; x_wconf 66' lang='lat' dir='ltr'><strong>cchXVI11.-mnsnffl</strong></span> <span class='ocrx_word' id='word_1_149' title='bbox 1931 3286 2024 3327; x_wconf 71' lang='lat' dir='ltr'><strong>An</strong></span> <span class='ocrx_word' id='word_1_150' title='bbox 2055 3219 2398 3329; x_wconf 53' lang='lat' dir='ltr'><strong>aon-smum</strong></span> 
     </span>
     <span class='ocr_line' id='line_1_22' title="bbox 1005 3387 1931 3431; baseline -0.002 -1"><span class='ocrx_word' id='word_1_151' title='bbox 1005 3388 1516 3430; x_wconf 81' lang='lat' dir='ltr'>WIGORNIENSEM</span> <span class='ocrx_word' id='word_1_152' title='bbox 1546 3387 1931 3431; x_wconf 81' lang='lat' dir='ltr'>EPISCOPUM.</span> 
     </span>
    </p>
   </div>
   <div class='ocr_carea' id='block_1_4' title="bbox 510 3514 2444 3792">
    <p class='ocr_par' dir='ltr' id='par_1_4' title="bbox 510 3514 2444 3792">
     <span class='ocr_line' id='line_1_23' title="bbox 510 3514 2444 3596; baseline -0.004 -13"><span class='ocrx_word' id='word_1_153' title='bbox 510 3521 872 3584; x_wconf 63' lang='lat' dir='ltr'><strong>Alexander</strong></span> <span class='ocrx_word' id='word_1_154' title='bbox 902 3522 1122 3583; x_wconf 77' lang='lat' dir='ltr'><strong>tertius</strong></span> <span class='ocrx_word' id='word_1_155' title='bbox 1157 3539 1367 3582; x_wconf 72' lang='lat' dir='ltr'><strong>servus</strong></span> <span class='ocrx_word' id='word_1_156' title='bbox 1394 3538 1707 3581; x_wconf 61' lang='lat' dir='ltr'><strong>servovum</strong></span> <span class='ocrx_word' id='word_1_157' title='bbox 1734 3517 1874 3594; x_wconf 85' lang='lat' dir='ltr'><strong>Dei,</strong></span> <span class='ocrx_word' id='word_1_158' title='bbox 1905 3514 2240 3578; x_wconf 80' lang='lat' dir='ltr'><strong>venerabili</strong></span> <span class='ocrx_word' id='word_1_159' title='bbox 2266 3516 2444 3596; x_wconf 40' lang='grc' dir='ltr'><strong>ιἵνα»</strong></span> 
     </span>
     <span class='ocr_line' id='line_1_24' title="bbox 600 3620 2421 3705; baseline -0.004 -18"><span class='ocrx_word' id='word_1_160' title='bbox 600 3626 686 3687; x_wconf 85' lang='lat' dir='ltr'><strong>tri</strong></span> <span class='ocrx_word' id='word_1_161' title='bbox 713 3626 793 3688; x_wconf 89' lang='lat' dir='ltr'><strong>R.</strong></span> <span class='ocrx_word' id='word_1_162' title='bbox 828 3623 1241 3705; x_wconf 75' lang='lat' dir='ltr'><strong>Wiyorniensi</strong></span> <span class='ocrx_word' id='word_1_163' title='bbox 1280 3626 1575 3703; x_wconf 77' lang='lat' dir='ltr'><strong>episcopo,</strong></span> <span class='ocrx_word' id='word_1_164' title='bbox 1614 3622 1875 3684; x_wconf 73' lang='lat' dir='ltr'><strong>salutem</strong></span> <span class='ocrx_word' id='word_1_165' title='bbox 1919 3625 1979 3682; x_wconf 87' lang='lat' dir='ltr'><strong>et</strong></span> <span class='ocrx_word' id='word_1_166' title='bbox 2021 3620 2421 3700; x_wconf 78' lang='lat' dir='ltr'><strong>apostolicam</strong></span> 
     </span>
     <span class='ocr_line' id='line_1_25' title="bbox 599 3728 1090 3792; baseline -0.002 -2"><span class='ocrx_word' id='word_1_167' title='bbox 599 3728 1090 3792; x_wconf 78' lang='lat' dir='ltr'><strong>benedictionem.</strong></span> 
     </span>
    </p>
   </div>
   <div class='ocr_carea' id='block_1_5' title="bbox 505 3872 2418 4678">
    <p class='ocr_par' dir='ltr' id='par_1_5' title="bbox 505 3872 2418 4678">
     <span class='ocr_line' id='line_1_26' title="bbox 597 3872 2415 3947; baseline -0.003 -7"><span class='ocrx_word' id='word_1_168' title='bbox 597 3877 813 3942; x_wconf 68' lang='lat' dir='ltr'>INTER</span> <span class='ocrx_word' id='word_1_169' title='bbox 867 3884 1098 3942; x_wconf 73' lang='lat' dir='ltr'><strong>caetera</strong></span> <span class='ocrx_word' id='word_1_170' title='bbox 1148 3874 1595 3940; x_wconf 89' lang='lat' dir='ltr'><strong>sollicitudinis</strong></span> <span class='ocrx_word' id='word_1_171' title='bbox 1650 3882 1780 3938; x_wconf 85' lang='lat' dir='ltr'><strong>tuae</strong></span> <span class='ocrx_word' id='word_1_172' title='bbox 1832 3894 2001 3937; x_wconf 87' lang='lat' dir='ltr'><strong>curae</strong></span> <span class='ocrx_word' id='word_1_173' title='bbox 2054 3872 2415 3947; x_wconf 89' lang='lat' dir='ltr'><strong>commissa,</strong></span> 
     </span>
     <span class='ocr_line' id='line_1_27' title="bbox 510 3976 2418 4061; baseline -0.003 -18"><span class='ocrx_word' id='word_1_174' title='bbox 510 3981 867 4061; x_wconf 73' lang='lat' dir='ltr'><strong>prudentiae</strong></span> <span class='ocrx_word' id='word_1_175' title='bbox 896 3988 1028 4045; x_wconf 86' lang='lat' dir='ltr'><strong>tuae</strong></span> <span class='ocrx_word' id='word_1_176' title='bbox 1057 3979 1356 4044; x_wconf 89' lang='lat' dir='ltr'><strong>convenit</strong></span> <span class='ocrx_word' id='word_1_177' title='bbox 1394 3978 1677 4042; x_wconf 88' lang='lat' dir='ltr'><strong>studiose</strong></span> <span class='ocrx_word' id='word_1_178' title='bbox 1718 3997 1792 4040; x_wconf 89' lang='lat' dir='ltr'><strong>ac</strong></span> <span class='ocrx_word' id='word_1_179' title='bbox 1832 3976 2178 4058; x_wconf 83' lang='lat' dir='ltr'><strong>diligenter</strong></span> <span class='ocrx_word' id='word_1_180' title='bbox 2207 3981 2418 4038; x_wconf 88' lang='lat' dir='ltr'><strong>atten-</strong></span> 
     </span>
     <span class='ocr_line' id='line_1_28' title="bbox 512 4077 2418 4163; baseline -0.003 -18"><span class='ocrx_word' id='word_1_181' title='bbox 512 4083 680 4160; x_wconf 88' lang='lat' dir='ltr'><strong>dere,</strong></span> <span class='ocrx_word' id='word_1_182' title='bbox 725 4091 801 4147; x_wconf 88' lang='lat' dir='ltr'><strong>ut</strong></span> <span class='ocrx_word' id='word_1_183' title='bbox 850 4084 1012 4148; x_wconf 90' lang='lat' dir='ltr'><strong>tales</strong></span> <span class='ocrx_word' id='word_1_184' title='bbox 1061 4081 1340 4146; x_wconf 90' lang='lat' dir='ltr'><strong>ecclesiis</strong></span> <span class='ocrx_word' id='word_1_185' title='bbox 1384 4089 1516 4144; x_wconf 86' lang='lat' dir='ltr'><strong>tuae</strong></span> <span class='ocrx_word' id='word_1_186' title='bbox 1560 4078 2014 4163; x_wconf 84' lang='lat' dir='ltr'><strong>gubernationi</strong></span> <span class='ocrx_word' id='word_1_187' title='bbox 2063 4077 2418 4141; x_wconf 90' lang='lat' dir='ltr'><strong>commissis</strong></span> 
     </span>
     <span class='ocr_line' id='line_1_29' title="bbox 509 4180 2417 4267; baseline -0.004 -20"><span class='ocrx_word' id='word_1_188' title='bbox 509 4185 834 4249; x_wconf 89' lang='lat' dir='ltr'><strong>ministros</strong></span> <span class='ocrx_word' id='word_1_189' title='bbox 865 4186 1119 4249; x_wconf 89' lang='lat' dir='ltr'><strong>ordines</strong></span> <span class='ocrx_word' id='word_1_190' title='bbox 1161 4193 1225 4249; x_wconf 91' lang='lat' dir='ltr'><strong>et</strong></span> <span class='ocrx_word' id='word_1_191' title='bbox 1266 4204 1617 4267; x_wconf 73' lang='lat' dir='ltr'><strong>praeponas,</strong></span> <span class='ocrx_word' id='word_1_192' title='bbox 1653 4182 1762 4265; x_wconf 90' lang='lat' dir='ltr'><strong>qui</strong></span> <span class='ocrx_word' id='word_1_193' title='bbox 1791 4188 1857 4243; x_wconf 88' lang='lat' dir='ltr'><strong>et</strong></span> <span class='ocrx_word' id='word_1_194' title='bbox 1889 4180 2109 4244; x_wconf 90' lang='lat' dir='ltr'><strong>domui</strong></span> <span class='ocrx_word' id='word_1_195' title='bbox 2148 4180 2417 4242; x_wconf 90' lang='lat' dir='ltr'><strong>Domini</strong></span> 
     </span>
     <span class='ocr_line' id='line_1_30' title="bbox 509 4280 2416 4368; baseline -0.005 -18"><span class='ocrx_word' id='word_1_196' title='bbox 509 4288 716 4351; x_wconf 88' lang='lat' dir='ltr'><strong>sciant</strong></span> <span class='ocrx_word' id='word_1_197' title='bbox 761 4287 1076 4351; x_wconf 71' lang='lat' dir='ltr'><strong>‘decenter</strong></span> <span class='ocrx_word' id='word_1_198' title='bbox 1127 4287 1484 4368; x_wconf 89' lang='lat' dir='ltr'><strong>disponere,</strong></span> <span class='ocrx_word' id='word_1_199' title='bbox 1539 4289 1604 4346; x_wconf 91' lang='lat' dir='ltr'><strong>et</strong></span> <span class='ocrx_word' id='word_1_200' title='bbox 1666 4281 1901 4365; x_wconf 91' lang='lat' dir='ltr'><strong>populo</strong></span> <span class='ocrx_word' id='word_1_201' title='bbox 1959 4280 2084 4344; x_wconf 91' lang='lat' dir='ltr'><strong>Dei</strong></span> <span class='ocrx_word' id='word_1_202' title='bbox 2143 4299 2416 4362; x_wconf 73' lang='lat' dir='ltr'><strong>praeesse</strong></span> 
     </span>
     <span class='ocr_line' id='line_1_31' title="bbox 505 4379 2415 4473; baseline -0.008 -19"><span class='ocrx_word' id='word_1_203' title='bbox 505 4390 753 4473; x_wconf 91' lang='lat' dir='ltr'><strong>possint</strong></span> <span class='ocrx_word' id='word_1_204' title='bbox 782 4389 1032 4453; x_wconf 89' lang='lat' dir='ltr'><strong>utiliter</strong></span> <span class='ocrx_word' id='word_1_205' title='bbox 1064 4396 1129 4452; x_wconf 91' lang='lat' dir='ltr'><strong>et</strong></span> <span class='ocrx_word' id='word_1_206' title='bbox 1159 4387 1476 4471; x_wconf 89' lang='lat' dir='ltr'><strong>prodesse.</strong></span> <span class='ocrx_word' id='word_1_207' title='bbox 1567 4384 1871 4448; x_wconf 89' lang='lat' dir='ltr'><strong>Pervenit</strong></span> <span class='ocrx_word' id='word_1_208' title='bbox 1916 4390 2135 4446; x_wconf 87' lang='lat' dir='ltr'><strong>autem</strong></span> <span class='ocrx_word' id='word_1_209' title='bbox 2177 4379 2259 4442; x_wconf 89' lang='lat' dir='ltr'><strong>ad</strong></span> <span class='ocrx_word' id='word_1_210' title='bbox 2300 4399 2415 4441; x_wconf 85' lang='lat' dir='ltr'><strong>au-</strong></span> 
     </span>
     <span class='ocr_line' id='line_1_32' title="bbox 509 4480 2413 4572; baseline -0.007 -17"><span class='ocrx_word' id='word_1_211' title='bbox 509 4492 817 4557; x_wconf 86' lang='lat' dir='ltr'><strong>dientiam</strong></span> <span class='ocrx_word' id='word_1_212' title='bbox 848 4498 1135 4555; x_wconf 85' lang='lat' dir='ltr'><strong>nostram</strong></span> <span class='ocrx_word' id='word_1_213' title='bbox 1167 4490 1339 4572; x_wconf 90' lang='lat' dir='ltr'><strong>quod</strong></span> <span class='ocrx_word' id='word_1_214' title='bbox 1369 4488 1632 4571; x_wconf 89' lang='lat' dir='ltr'><strong>quidam</strong></span> <span class='ocrx_word' id='word_1_215' title='bbox 1671 4488 1744 4550; x_wconf 92' lang='lat' dir='ltr'><strong>in</strong></span> <span class='ocrx_word' id='word_1_216' title='bbox 1783 4493 1899 4549; x_wconf 82' lang='lat' dir='ltr'><strong>tua</strong></span> <span class='ocrx_word' id='word_1_217' title='bbox 1939 4481 2197 4547; x_wconf 84' lang='lat' dir='ltr'><strong>dioecesi</strong></span> <span class='ocrx_word' id='word_1_218' title='bbox 2223 4480 2413 4543; x_wconf 70' lang='lat' dir='ltr'><strong>‘com-</strong></span> 
     </span>
     <span class='ocr_line' id='line_1_33' title="bbox 505 4582 2412 4678; baseline -0.008 -18"><span class='ocrx_word' id='word_1_219' title='bbox 505 4604 858 4675; x_wconf 88' lang='lat' dir='ltr'><strong>morentur,</strong></span> <span class='ocrx_word' id='word_1_220' title='bbox 898 4593 1008 4678; x_wconf 89' lang='lat' dir='ltr'><strong>qui</strong></span> <span class='ocrx_word' id='word_1_221' title='bbox 1053 4614 1121 4657; x_wconf 90' lang='lat' dir='ltr'><strong>se</strong></span> <span class='ocrx_word' id='word_1_222' title='bbox 1169 4590 1611 4656; x_wconf 75' lang='lat' dir='ltr'><strong>ecclesiasticae</strong></span> <span class='ocrx_word' id='word_1_223' title='bbox 1654 4585 2061 4671; x_wconf 88' lang='lat' dir='ltr'><strong>professionis</strong></span> <span class='ocrx_word' id='word_1_224' title='bbox 2107 4602 2243 4647; x_wconf 88' lang='lat' dir='ltr'><strong>esse</strong></span> <span class='ocrx_word' id='word_1_225' title='bbox 2287 4582 2412 4646; x_wconf 84' lang='lat' dir='ltr'><strong>fin-</strong></span> 
     </span>
    </p>
   </div>
   <div class='ocr_carea' id='block_1_6' title="bbox 605 4713 1522 4761">
    <p class='ocr_par' dir='ltr' id='par_1_6' title="bbox 605 4713 1522 4761">
     <span class='ocr_line' id='line_1_34' title="bbox 605 4713 1522 4761; baseline -0.003 -3"><span class='ocrx_word' id='word_1_226' title='bbox 605 4726 709 4761; x_wconf 79' lang='lat' dir='ltr'><strong>on..</strong></span> <span class='ocrx_word' id='word_1_227' title='bbox 738 4726 851 4760; x_wconf 73' lang='lat' dir='ltr'><strong>rot..</strong></span> <span class='ocrx_word' id='word_1_228' title='bbox 899 4723 1017 4758; x_wconf 77' lang='lat' dir='ltr'><strong>vot..</strong></span> <span class='ocrx_word' id='word_1_229' title='bbox 1043 4723 1101 4757; x_wconf 87' lang='lat'><strong>11.</strong></span> <span class='ocrx_word' id='word_1_230' title='bbox 1476 4713 1522 4755; x_wconf 82' lang='lat' dir='ltr'><strong><em>H</em></strong></span> 
     </span>
    </p>
   </div>
  </div>
 </body>
</html>
