3200 5392
2282 115 2325 124 η.

91 203 94 206 -
179 203 200 210 .—
273 203 290 208 .·.
297 202 316 208 -..
507 205 516 208 ,
1173 201 1178 204 .
3158 193 3163 196 .

691 255 697 260 ,
2971 242 2988 257 Ι

1356 370 1369 385 Ο

558 936 691 978 Am.
728 915 1122 998 1161—89.]
1224 936 1725 980 Losnomnnms
1758 937 2112 981 nrlsrous.
2381 921 2458 982 11

553 1060 657 1117 tra
696 1055 835 1136 ejus
875 1052 1205 1116 servitium
1244 1052 1591 1136 accipiatis,
1623 1059 1690 1117 et
1720 1053 1804 1117 de
1828 1054 2186 1119 hereditate
2216 1076 2334 1119 sua
2366 1056 2462 1139 ip-

554 1177 697 1219 sum
747 1155 1123 1234 exaudiati8‚
1170 1163 1236 1218 et
1286 1176 1405 1220 nos
1453 1164 1518 1220 et
1569 1156 1810 1220 multos
1855 1157 2194 1221 nobiscum
2242 1159 2467 1241 gratiae

553 1258 729 1322 vobis
781 1264 846 1321 et
895 1258 1136 1321 servitii
1184 1258 1505 1322 debitores
1553 1259 1861 1323 efficiatis.
1956 1260 2027 1323 Si
2074 1260 2347 1343 gratiam
2394 1263 2465 1325 in

553 1360 752 1424 oculis
781 1360 1008 1423 vestris
1048 1361 1386 1438 invenerit,
1419 1362 1499 1425 ad
1538 1362 1870 1425 servitium
1901 1369 2184 1425 vestrum
2224 1363 2465 1428 multos

555 1464 883 1547 adjutores
913 1463 1218 1542 inveniet,
1246 1486 1514 1548 quorum
1549 1464 1673 1528 sibi
1704 1465 1974 1548 quisque
2002 1466 2083 1529 de
2113 1487 2231 1530 suo
2259 1464 2464 1531 liben-

555 1573 655 1630 ter
684 1565 1040 1630 subveniet.
1110 1566 1302 1630 Istud
1332 1587 1480 1630 vero
1509 1567 1836 1649 postulare
1866 1588 2272 1651 nequaquam
2302 1589 2465 1651 prae-

554 1689 973 1746 sumeremus,
1024 1668 1077 1731 si
1123 1675 1378 1752 patrem
1424 1670 1560 1753 ejus
1609 1669 1849 1752 perfide
1901 1691 1969 1734 se
2022 1676 2135 1733 aut
2181 1670 2466 1752 maligne

556 1770 894 1834 adversum
932 1792 1043 1835 vos
1084 1777 1150 1835 et
1189 1778 1405 1854 patres
1438 1779 1683 1836 vestros
1724 1772 2024 1836 habuisse
2054 1793 2466 1856 cognoscere·

555 1894 721 1950 mus,
755 1873 869 1937 sed
907 1873 1121 1957 ipsum
1158 1896 1275 1957 pro
1314 1874 1627 1940 fidelitate
1662 1875 1864 1959 patris
1894 1875 2086 1939 vestri
2120 1874 2464 1939 exhereda-

555 1983 701 2040 tum
746 1976 1124 2056 audivimus,
1170 1985 1237 2042 et
1281 1999 1612 2061 speramus
1657 1978 1737 2042 de
1779 1977 2214 2043 misericordia
2254 1984 2469 2042 vestra

557 2099 643 2143 ne
673 2100 866 2161 quem
895 2079 1064 2162 patri
1094 2087 1302 2144 vestro
1330 2080 1608 2145 fideliter
1645 2082 1730 2145 ad
1771 2103 1951 2164 posse
1982 2102 2171 2145 suum
2203 2081 2468 2145 servisse

561 2181 965 2264 cognoscitiS,
998 2182 1136 2265 ejus
1169 2203 1454 2265 unquam
1496 2204 1691 2247 canos
1731 2204 1880 2247 cum
1923 2204 2197 2249 moerore
2241 2184 2323 2247 ad
2366 2183 2466 2247 in-

561 2284 729 2348 feros
760 2284 1110 2348 deducatis.
1201 2285 1433 2348 Valeat
1463 2285 1765 2348 dominus
1793 2306 1976 2349 meus
2007 2285 2370 2349 carissimus
2400 2292 2467 2350 et

562 2409 671 2452 cor
701 2387 839 2471 ejus
869 2387 1130 2470 spiritus
1159 2389 1286 2452 Dei
1315 2388 1557 2472 repleat
1588 2395 1782 2472 atque
1810 2388 2152 2472 possideat.

592 2688 1036 2753 EPISTOLA
1081 2689 1688 2754 CCLXXIX.—An
1722 2711 2095 2754 nonnarum
2128 2711 2437 2755 commu

1302 2813 1736 2857 mensrnm.

577 2943 925 3006 Venerabili
983 2944 1225 3007 domino
1285 2949 1346 3007 et
1407 2944 1604 3008 amico
1663 2963 1773 3007 suo
1831 2944 2151 3007 carissimo
2201 2943 2470 3007 Roberto

653 3048 862 3110 comiti
906 3048 1278 3124 Meet-trice,
1311 3044 1531 3127 frater
1583 3048 1658 3110 G.
1712 3047 2159 3110 Londoniemis
2208 3047 2472 3110 ecclesioe

653 3152 952 3228 minister,
993 3156 1350 3214 consecrata
1394 3151 1659 3213 Domino
1704 3151 1992 3214 tirocinia
2036 3150 2226 3213 beatae
2256 3169 2470 3231 perse-

654 3254 947 3315 verantiae
961 3252 1095 3333 fine
1123 3254 1499 3316 concludere.

658 3402 875 3470 QUUM
924 3401 1009 3465 sit
1055 3402 1223 3465 vitiis
1268 3409 1335 3464 et
1376 3400 1612 3463 divitiis
1654 3400 2001 3464 admodum
2046 3406 2234 3482 grata
2276 3400 2471 3463 socie-

567 3514 688 3585 tas,
721 3507 1009 3590 gratulor
1046 3512 1114 3570 et
1154 3504 1315 3568 mihi
1354 3510 1532 3568 totus
1572 3502 1910 3587 applaudO,
1941 3502 2284 3580 carissime,
2315 3500 2472 3565 divi-

569 3612 692 3675 tias
730 3611 801 3674 in
842 3617 908 3674 te
950 3609 1227 3693 quadam
1268 3607 1579 3690 singulari
1626 3607 1835 3689 gratia
1876 3605 2192 3670 deservire
2233 3603 2470 3669 virtuti.

570 3713 832 3783 Audisti
891 3712 1152 3776 divitem
1209 3711 1394 3774 illum
1454 3731 1743 3792 purpura
1793 3714 1859 3772 et
1909 3708 2100 3792 bysso
2150 3706 2472 3785 vestitum,

572 3816 943 3900 epulantem
997 3813 1280 3898 quotidie
1331 3812 1685 3897 splendide,
1737 3811 2188 3875 miserabiliter
2236 3811 2319 3874 ad
2373 3810 2474 3873 in-

572 3919 758 3984 ferna
816 3918 1188 3994 deductum,
1247 3914 1366 4002 ubi
1415 3935 1617 3998 quum
1667 3914 1942 3977 flammis
2002 3912 2228 3976 anxius
2286 3918 2475 3984 sestu-

573 4031 733 4102 aret,
777 4023 849 4085 in
894 4021 1136 4102 linguae
1187 4040 1320 4082 suae
1369 4017 1775 4101 refrigerium
1823 4037 1943 4080 nec
1989 4037 2172 4099 aquae
2218 4021 2476 4097 gustam

573 4124 772 4189 valuit
813 4124 1178 4207 impetrare.
1268 4120 1529 4184 Audisti
1576 4126 1642 4182 et
1685 4119 1757 4181 in
1802 4118 2145 4201 evangelio,
2192 4117 2475 4195 divitem,

577 4229 761 4312 cujus
799 4226 1029 4291 uberes
1067 4225 1316 4288 fructus
1358 4243 1510 4306 ager
1549 4222 1791 4300 attulit,
1823 4220 2142 4284 dicentem
2179 4220 2355 4283 intra
2390 4240 2478 4297 se,

581 4340 600 4366 ‘
619 4332 945 4395 destruam
996 4330 1226 4393 horrea
1266 4347 1420 4390 mea
1477 4332 1544 4389 et
1601 4324 1847 4407 majora
1897 4323 2147 4400 faciam,
2200 4329 2268 4387 et
2325 4322 2480 4385 illuc

579 4432 985 4516 congregabo
1044 4430 1262 4495 omnia
1319 4449 1462 4512 quae
1519 4434 1677 4491 nata
1734 4434 1887 4490 sunt
1945 4424 2106 4488 mihi
2164 4425 2353 4502 bona,
2415 4429 2482 4487 et

580 4538 788 4602 dicam
823 4536 1054 4599 animae
1093 4553 1272 4611 meae,
1305 4532 1545 4595 Anima
1581 4528 1798 4594 habes
1823 4529 2028 4592 multa
2066 4528 2238 4592 bona
2277 4525 2485 4608 posita
