<?xml version="1.0" encoding="UTF-8"?>
<!DOCTYPE html PUBLIC "-//W3C//DTD XHTML 1.0 Transitional//EN"
    "http://www.w3.org/TR/xhtml1/DTD/xhtml1-transitional.dtd">
<html xmlns="http://www.w3.org/1999/xhtml" xml:lang="en" lang="en">
 <head>
  <title>
</title>
<meta http-equiv="Content-Type" content="text/html;charset=utf-8" />
  <meta name='ocr-system' content='tesseract 3.04.00' />
  <meta name='ocr-capabilities' content='ocr_page ocr_carea ocr_par ocr_line ocrx_word'/>
</head>
<body>
  <div class='ocr_page' id='page_1' title='image "./gilbertiexabbat01gilegoog_0243.png"; bbox 0 0 3200 5392; ppageno 0'>
   <div class='ocr_carea' id='block_1_1' title="bbox 553 851 2461 940">
    <p class='ocr_par' dir='ltr' id='par_1_1' title="bbox 553 851 2461 940">
     <span class='ocr_line' id='line_1_1' title="bbox 553 851 2461 940; baseline 0.002 -27"><span class='ocrx_word' id='word_1_1' title='bbox 553 870 687 915; x_wconf 65' lang='lat' dir='ltr'>Aa).</span> <span class='ocrx_word' id='word_1_2' title='bbox 729 851 1121 940; x_wconf 83' lang='lat'>1161—89.]</span> <span class='ocrx_word' id='word_1_3' title='bbox 1216 872 1549 940; x_wconf 66' lang='lat' dir='ltr'>nns‘rom</span> <span class='ocrx_word' id='word_1_4' title='bbox 1579 871 1897 924; x_wconf 58' lang='lat' dir='ltr'>Quacum</span> <span class='ocrx_word' id='word_1_5' title='bbox 2327 854 2461 916; x_wconf 68' lang='grc'>227</span> 
     </span>
    </p>
   </div>
   <div class='ocr_carea' id='block_1_2' title="bbox 545 987 2457 2809">
    <p class='ocr_par' dir='ltr' id='par_1_2' title="bbox 545 987 2457 2809">
     <span class='ocr_line' id='line_1_2' title="bbox 553 987 2457 1072; baseline 0.002 -23"><span class='ocrx_word' id='word_1_6' title='bbox 553 1006 705 1050; x_wconf 89' lang='lat' dir='ltr'>cum</span> <span class='ocrx_word' id='word_1_7' title='bbox 747 987 1050 1053; x_wconf 87' lang='lat' dir='ltr'>omnibus</span> <span class='ocrx_word' id='word_1_8' title='bbox 1093 988 1310 1053; x_wconf 84' lang='lat' dir='ltr'>sanius</span> <span class='ocrx_word' id='word_1_9' title='bbox 1358 996 1425 1053; x_wconf 91' lang='lat' dir='ltr'>et</span> <span class='ocrx_word' id='word_1_10' title='bbox 1468 997 1645 1054; x_wconf 86' lang='lat' dir='ltr'>recte</span> <span class='ocrx_word' id='word_1_11' title='bbox 1687 987 2200 1072; x_wconf 82' lang='lat' dir='ltr'>intelligentibus</span> <span class='ocrx_word' id='word_1_12' title='bbox 2246 987 2457 1052; x_wconf 88' lang='lat' dir='ltr'>videa-</span> 
     </span>
     <span class='ocr_line' id='line_1_3' title="bbox 553 1090 2454 1176; baseline 0.002 -25"><span class='ocrx_word' id='word_1_13' title='bbox 553 1094 681 1168; x_wconf 86' lang='lat' dir='ltr'>tur,</span> <span class='ocrx_word' id='word_1_14' title='bbox 714 1091 886 1173; x_wconf 89' lang='lat' dir='ltr'>quod</span> <span class='ocrx_word' id='word_1_15' title='bbox 926 1091 1206 1174; x_wconf 81' lang='lat' dir='ltr'>dignitas</span> <span class='ocrx_word' id='word_1_16' title='bbox 1245 1092 1424 1175; x_wconf 84' lang='lat' dir='ltr'>regia</span> <span class='ocrx_word' id='word_1_17' title='bbox 1462 1091 1959 1157; x_wconf 84' lang='lat' dir='ltr'>ecclesiasticam</span> <span class='ocrx_word' id='word_1_18' title='bbox 1997 1090 2305 1176; x_wconf 83' lang='lat' dir='ltr'>provehat</span> <span class='ocrx_word' id='word_1_19' title='bbox 2342 1111 2454 1175; x_wconf 89' lang='lat' dir='ltr'>po-</span> 
     </span>
     <span class='ocr_line' id='line_1_4' title="bbox 552 1191 2454 1278; baseline 0.002 -24"><span class='ocrx_word' id='word_1_20' title='bbox 552 1191 685 1254; x_wconf 87' lang='lat' dir='ltr'>tius</span> <span class='ocrx_word' id='word_1_21' title='bbox 725 1214 918 1276; x_wconf 89' lang='lat' dir='ltr'>quam</span> <span class='ocrx_word' id='word_1_22' title='bbox 956 1195 1210 1259; x_wconf 85' lang='lat' dir='ltr'>minuat</span> <span class='ocrx_word' id='word_1_23' title='bbox 1251 1194 1656 1278; x_wconf 88' lang='lat' dir='ltr'>dignitatem,</span> <span class='ocrx_word' id='word_1_24' title='bbox 1689 1193 1855 1258; x_wconf 86' lang='lat' dir='ltr'>sicut</span> <span class='ocrx_word' id='word_1_25' title='bbox 1883 1214 2066 1258; x_wconf 86' lang='lat' dir='ltr'>versa</span> <span class='ocrx_word' id='word_1_26' title='bbox 2092 1193 2227 1257; x_wconf 86' lang='lat' dir='ltr'>vice</span> <span class='ocrx_word' id='word_1_27' title='bbox 2256 1193 2454 1257; x_wconf 87' lang='lat' dir='ltr'>eccle-</span> 
     </span>
     <span class='ocr_line' id='line_1_5' title="bbox 555 1288 2453 1376; baseline 0.002 -24"><span class='ocrx_word' id='word_1_28' title='bbox 555 1288 807 1356; x_wconf 79' lang='lat' dir='ltr'>siastica</span> <span class='ocrx_word' id='word_1_29' title='bbox 842 1291 1105 1356; x_wconf 88' lang='lat' dir='ltr'>libertas</span> <span class='ocrx_word' id='word_1_30' title='bbox 1142 1293 1385 1376; x_wconf 85' lang='lat' dir='ltr'>regiam</span> <span class='ocrx_word' id='word_1_31' title='bbox 1427 1293 1699 1357; x_wconf 87' lang='lat' dir='ltr'>adornat</span> <span class='ocrx_word' id='word_1_32' title='bbox 1742 1301 1808 1357; x_wconf 89' lang='lat' dir='ltr'>et</span> <span class='ocrx_word' id='word_1_33' title='bbox 1847 1299 2190 1357; x_wconf 84' lang='lat' dir='ltr'>veneratur</span> <span class='ocrx_word' id='word_1_34' title='bbox 2226 1292 2453 1376; x_wconf 83' lang='lat' dir='ltr'>majes-</span> 
     </span>
     <span class='ocr_line' id='line_1_6' title="bbox 552 1391 2455 1459; baseline 0.002 -5"><span class='ocrx_word' id='word_1_35' title='bbox 552 1396 777 1456; x_wconf 84' lang='lat' dir='ltr'>tatem.</span> <span class='ocrx_word' id='word_1_36' title='bbox 871 1391 992 1457; x_wconf 89' lang='lat' dir='ltr'>Est</span> <span class='ocrx_word' id='word_1_37' title='bbox 1039 1395 1214 1458; x_wconf 91' lang='lat' dir='ltr'>enim</span> <span class='ocrx_word' id='word_1_38' title='bbox 1257 1395 1330 1458; x_wconf 91' lang='lat' dir='ltr'>in</span> <span class='ocrx_word' id='word_1_39' title='bbox 1375 1394 1476 1458; x_wconf 89' lang='lat' dir='ltr'>his</span> <span class='ocrx_word' id='word_1_40' title='bbox 1521 1394 1773 1459; x_wconf 88' lang='lat' dir='ltr'>duabus</span> <span class='ocrx_word' id='word_1_41' title='bbox 1814 1393 2009 1458; x_wconf 84' lang='lat' dir='ltr'>rebus</span> <span class='ocrx_word' id='word_1_42' title='bbox 2051 1392 2455 1458; x_wconf 84' lang='lat' dir='ltr'>firmissimus</span> 
     </span>
     <span class='ocr_line' id='line_1_7' title="bbox 552 1493 2455 1576; baseline 0.001 -20"><span class='ocrx_word' id='word_1_43' title='bbox 552 1493 979 1558; x_wconf 84' lang='lat' dir='ltr'>amicitiarum</span> <span class='ocrx_word' id='word_1_44' title='bbox 1027 1496 1258 1574; x_wconf 88' lang='lat' dir='ltr'>nodus,</span> <span class='ocrx_word' id='word_1_45' title='bbox 1307 1503 1374 1560; x_wconf 91' lang='lat' dir='ltr'>et</span> <span class='ocrx_word' id='word_1_46' title='bbox 1397 1531 1401 1535; x_wconf 61' lang='lat'>&gt;</span> <span class='ocrx_word' id='word_1_47' title='bbox 1426 1497 1632 1567; x_wconf 83' lang='lat' dir='ltr'>amica</span> <span class='ocrx_word' id='word_1_48' title='bbox 1673 1495 2006 1576; x_wconf 87' lang='lat' dir='ltr'>connexio,</span> <span class='ocrx_word' id='word_1_49' title='bbox 2054 1517 2204 1561; x_wconf 89' lang='lat' dir='ltr'>cum</span> <span class='ocrx_word' id='word_1_50' title='bbox 2247 1502 2315 1559; x_wconf 84' lang='lat' dir='ltr'>et</span> <span class='ocrx_word' id='word_1_51' title='bbox 2356 1516 2455 1559; x_wconf 87' lang='lat' dir='ltr'>re-</span> 
     </span>
     <span class='ocr_line' id='line_1_8' title="bbox 551 1595 2457 1682; baseline 0.001 -23"><span class='ocrx_word' id='word_1_52' title='bbox 551 1595 723 1679; x_wconf 86' lang='lat' dir='ltr'>giam</span> <span class='ocrx_word' id='word_1_53' title='bbox 755 1598 1199 1662; x_wconf 86' lang='lat' dir='ltr'>excellentiam</span> <span class='ocrx_word' id='word_1_54' title='bbox 1239 1597 1521 1682; x_wconf 84' lang='lat' dir='ltr'>dignitas</span> <span class='ocrx_word' id='word_1_55' title='bbox 1566 1598 1993 1663; x_wconf 85' lang='lat' dir='ltr'>ecclesiastica</span> <span class='ocrx_word' id='word_1_56' title='bbox 2031 1597 2357 1682; x_wconf 83' lang='lat' dir='ltr'>provehat,</span> <span class='ocrx_word' id='word_1_57' title='bbox 2389 1604 2457 1662; x_wconf 91' lang='lat' dir='ltr'>et</span> 
     </span>
     <span class='ocr_line' id='line_1_9' title="bbox 549 1699 2456 1783; baseline 0.001 -22"><span class='ocrx_word' id='word_1_58' title='bbox 549 1719 771 1783; x_wconf 87' lang='lat' dir='ltr'>pacem</span> <span class='ocrx_word' id='word_1_59' title='bbox 803 1699 1293 1764; x_wconf 87' lang='lat' dir='ltr'>ecclesiasticam</span> <span class='ocrx_word' id='word_1_60' title='bbox 1322 1701 1502 1783; x_wconf 87' lang='lat' dir='ltr'>regia</span> <span class='ocrx_word' id='word_1_61' title='bbox 1529 1713 1859 1764; x_wconf 87' lang='lat' dir='ltr'>conservet</span> <span class='ocrx_word' id='word_1_62' title='bbox 1888 1700 2253 1764; x_wconf 86' lang='lat' dir='ltr'>auctoritas.</span> <span class='ocrx_word' id='word_1_63' title='bbox 2313 1699 2456 1763; x_wconf 89' lang='lat' dir='ltr'>Nos</span> 
     </span>
     <span class='ocr_line' id='line_1_10' title="bbox 548 1801 2457 1886; baseline 0.001 -22"><span class='ocrx_word' id='word_1_64' title='bbox 548 1801 769 1885; x_wconf 88' lang='lat' dir='ltr'>itaque</span> <span class='ocrx_word' id='word_1_65' title='bbox 817 1802 1225 1885; x_wconf 83' lang='lat' dir='ltr'>paternitatis</span> <span class='ocrx_word' id='word_1_66' title='bbox 1269 1809 1496 1866; x_wconf 77' lang='lat' dir='ltr'>vestrae</span> <span class='ocrx_word' id='word_1_67' title='bbox 1540 1802 1816 1886; x_wconf 85' lang='lat' dir='ltr'>genibus</span> <span class='ocrx_word' id='word_1_68' title='bbox 1862 1801 2168 1882; x_wconf 82' lang='lat' dir='ltr'>advoluti,</span> <span class='ocrx_word' id='word_1_69' title='bbox 2214 1810 2457 1886; x_wconf 89' lang='lat' dir='ltr'>quanta</span> 
     </span>
     <span class='ocr_line' id='line_1_11' title="bbox 549 1902 2452 1987; baseline 0.001 -22"><span class='ocrx_word' id='word_1_70' title='bbox 549 1921 887 1985; x_wconf 89' lang='lat' dir='ltr'>possumus</span> <span class='ocrx_word' id='word_1_71' title='bbox 929 1902 1411 1984; x_wconf 81' lang='lat' dir='ltr'>supplicatione,</span> <span class='ocrx_word' id='word_1_72' title='bbox 1441 1904 1749 1987; x_wconf 88' lang='lat' dir='ltr'>pietatem</span> <span class='ocrx_word' id='word_1_73' title='bbox 1778 1911 2057 1968; x_wconf 85' lang='lat' dir='ltr'>vestram</span> <span class='ocrx_word' id='word_1_74' title='bbox 2096 1925 2452 1982; x_wconf 87' lang='lat' dir='ltr'>exoramus,</span> 
     </span>
     <span class='ocr_line' id='line_1_12' title="bbox 551 2003 2454 2090; baseline 0.002 -24"><span class='ocrx_word' id='word_1_75' title='bbox 551 2023 636 2072; x_wconf 86' lang='lat' dir='ltr'>ne</span> <span class='ocrx_word' id='word_1_76' title='bbox 685 2003 757 2065; x_wconf 91' lang='lat' dir='ltr'>in</span> <span class='ocrx_word' id='word_1_77' title='bbox 806 2010 994 2069; x_wconf 86' lang='lat' dir='ltr'>tanto</span> <span class='ocrx_word' id='word_1_78' title='bbox 1039 2024 1256 2066; x_wconf 88' lang='lat' dir='ltr'>rerum</span> <span class='ocrx_word' id='word_1_79' title='bbox 1302 2004 1673 2069; x_wconf 87' lang='lat' dir='ltr'>discrimine</span> <span class='ocrx_word' id='word_1_80' title='bbox 1722 2006 2056 2070; x_wconf 89' lang='lat' dir='ltr'>literarum</span> <span class='ocrx_word' id='word_1_81' title='bbox 2109 2008 2338 2090; x_wconf 87' lang='lat' dir='ltr'>apices,</span> <span class='ocrx_word' id='word_1_82' title='bbox 2388 2015 2454 2070; x_wconf 91' lang='lat' dir='ltr'>et</span> 
     </span>
     <span class='ocr_line' id='line_1_13' title="bbox 551 2106 2455 2192; baseline 0.002 -23"><span class='ocrx_word' id='word_1_83' title='bbox 551 2106 890 2170; x_wconf 87' lang='lat' dir='ltr'>verborum</span> <span class='ocrx_word' id='word_1_84' title='bbox 920 2108 1368 2190; x_wconf 90' lang='lat' dir='ltr'>conceptiones</span> <span class='ocrx_word' id='word_1_85' title='bbox 1396 2110 1632 2192; x_wconf 88' lang='lat' dir='ltr'>potius,</span> <span class='ocrx_word' id='word_1_86' title='bbox 1665 2130 1858 2192; x_wconf 89' lang='lat' dir='ltr'>qnam</span> <span class='ocrx_word' id='word_1_87' title='bbox 1900 2108 2109 2191; x_wconf 88' lang='lat' dir='ltr'>ipsam</span> <span class='ocrx_word' id='word_1_88' title='bbox 2154 2108 2455 2191; x_wconf 87' lang='lat' dir='ltr'>amplecti</span> 
     </span>
     <span class='ocr_line' id='line_1_14' title="bbox 550 2209 2454 2295; baseline 0.001 -22"><span class='ocrx_word' id='word_1_89' title='bbox 550 2209 757 2273; x_wconf 77' lang='lat' dir='ltr'>velitis</span> <span class='ocrx_word' id='word_1_90' title='bbox 801 2209 1154 2288; x_wconf 87' lang='lat' dir='ltr'>veritatem,</span> <span class='ocrx_word' id='word_1_91' title='bbox 1201 2211 1314 2274; x_wconf 88' lang='lat' dir='ltr'>sed</span> <span class='ocrx_word' id='word_1_92' title='bbox 1350 2212 1540 2295; x_wconf 87' lang='lat' dir='ltr'>juxta</span> <span class='ocrx_word' id='word_1_93' title='bbox 1578 2211 1805 2275; x_wconf 87' lang='lat' dir='ltr'>datum</span> <span class='ocrx_word' id='word_1_94' title='bbox 1843 2211 2022 2276; x_wconf 86' lang='lat' dir='ltr'>vobis</span> <span class='ocrx_word' id='word_1_95' title='bbox 2061 2233 2101 2275; x_wconf 91' lang='lat' dir='ltr'>a</span> <span class='ocrx_word' id='word_1_96' title='bbox 2139 2212 2281 2275; x_wconf 91' lang='lat' dir='ltr'>Deo</span> <span class='ocrx_word' id='word_1_97' title='bbox 2326 2211 2454 2275; x_wconf 83' lang='lat' dir='ltr'>dis-</span> 
     </span>
     <span class='ocr_line' id='line_1_15' title="bbox 548 2312 2454 2397; baseline 0.001 -22"><span class='ocrx_word' id='word_1_98' title='bbox 548 2312 852 2376; x_wconf 87' lang='lat' dir='ltr'>cretionis</span> <span class='ocrx_word' id='word_1_99' title='bbox 892 2318 958 2376; x_wconf 90' lang='lat' dir='ltr'>et</span> <span class='ocrx_word' id='word_1_100' title='bbox 997 2312 1245 2376; x_wconf 83' lang='lat' dir='ltr'>consilii</span> <span class='ocrx_word' id='word_1_101' title='bbox 1286 2314 1584 2397; x_wconf 87' lang='lat' dir='ltr'>spiritum</span> <span class='ocrx_word' id='word_1_102' title='bbox 1626 2314 1931 2378; x_wconf 88' lang='lat' dir='ltr'>dormitet</span> <span class='ocrx_word' id='word_1_103' title='bbox 1978 2313 2454 2397; x_wconf 83' lang='lat' dir='ltr'>aliquantulum</span> 
     </span>
     <span class='ocr_line' id='line_1_16' title="bbox 548 2414 2453 2500; baseline 0.002 -22"><span class='ocrx_word' id='word_1_104' title='bbox 548 2414 721 2497; x_wconf 87' lang='lat' dir='ltr'>apud</span> <span class='ocrx_word' id='word_1_105' title='bbox 759 2436 870 2478; x_wconf 89' lang='lat' dir='ltr'>vos</span> <span class='ocrx_word' id='word_1_106' title='bbox 910 2415 1211 2478; x_wconf 85' lang='lat' dir='ltr'>severitas</span> <span class='ocrx_word' id='word_1_107' title='bbox 1252 2415 1407 2479; x_wconf 88' lang='lat' dir='ltr'>disci</span> <span class='ocrx_word' id='word_1_108' title='bbox 1410 2416 1623 2499; x_wconf 85' lang='lat' dir='ltr'>plinae,</span> <span class='ocrx_word' id='word_1_109' title='bbox 1654 2423 1731 2480; x_wconf 91' lang='lat' dir='ltr'>ut</span> <span class='ocrx_word' id='word_1_110' title='bbox 1770 2416 1977 2499; x_wconf 90' lang='lat' dir='ltr'>magis</span> <span class='ocrx_word' id='word_1_111' title='bbox 2015 2414 2305 2500; x_wconf 84' lang='lat' dir='ltr'>proficiat</span> <span class='ocrx_word' id='word_1_112' title='bbox 2342 2415 2453 2483; x_wconf 78' lang='lat' dir='ltr'>be.-</span> 
     </span>
     <span class='ocr_line' id='line_1_17' title="bbox 547 2519 2454 2603; baseline 0.001 -21"><span class='ocrx_word' id='word_1_113' title='bbox 547 2520 831 2603; x_wconf 86' lang='lat' dir='ltr'>nignitas</span> <span class='ocrx_word' id='word_1_114' title='bbox 868 2526 932 2583; x_wconf 90' lang='lat' dir='ltr'>et</span> <span class='ocrx_word' id='word_1_115' title='bbox 972 2520 1402 2585; x_wconf 88' lang='lat' dir='ltr'>mansuetudo</span> <span class='ocrx_word' id='word_1_116' title='bbox 1443 2521 1707 2603; x_wconf 84' lang='lat' dir='ltr'>gratiae:</span> <span class='ocrx_word' id='word_1_117' title='bbox 1755 2527 1821 2584; x_wconf 90' lang='lat' dir='ltr'>et</span> <span class='ocrx_word' id='word_1_118' title='bbox 1851 2542 2059 2584; x_wconf 87' lang='lat' dir='ltr'>causae</span> <span class='ocrx_word' id='word_1_119' title='bbox 2087 2521 2302 2598; x_wconf 89' lang='lat' dir='ltr'>unius,</span> <span class='ocrx_word' id='word_1_120' title='bbox 2335 2519 2454 2584; x_wconf 86' lang='lat' dir='ltr'>sie-</span> 
     </span>
     <span class='ocr_line' id='line_1_18' title="bbox 546 2622 2450 2707; baseline 0.001 -20"><span class='ocrx_word' id='word_1_121' title='bbox 546 2631 623 2687; x_wconf 90' lang='lat' dir='ltr'>ut</span> <span class='ocrx_word' id='word_1_122' title='bbox 665 2623 846 2707; x_wconf 90' lang='lat' dir='ltr'>pium</span> <span class='ocrx_word' id='word_1_123' title='bbox 880 2630 1130 2707; x_wconf 86' lang='lat' dir='ltr'>patrem</span> <span class='ocrx_word' id='word_1_124' title='bbox 1167 2623 1371 2702; x_wconf 89' lang='lat' dir='ltr'>decet,</span> <span class='ocrx_word' id='word_1_125' title='bbox 1405 2624 1759 2687; x_wconf 82' lang='lat' dir='ltr'>multorum</span> <span class='ocrx_word' id='word_1_126' title='bbox 1789 2629 1904 2686; x_wconf 90' lang='lat' dir='ltr'>aut</span> <span class='ocrx_word' id='word_1_127' title='bbox 1944 2629 2118 2687; x_wconf 85' lang='lat' dir='ltr'>certe</span> <span class='ocrx_word' id='word_1_128' title='bbox 2134 2622 2450 2689; x_wconf 69' lang='lat' dir='ltr'>innume,-</span> 
     </span>
     <span class='ocr_line' id='line_1_19' title="bbox 545 2725 2100 2809; baseline 0.001 -21"><span class='ocrx_word' id='word_1_129' title='bbox 545 2725 845 2790; x_wconf 89' lang='lat' dir='ltr'>rabilium</span> <span class='ocrx_word' id='word_1_130' title='bbox 874 2726 1215 2790; x_wconf 80' lang='lat' dir='ltr'>discrimen</span> <span class='ocrx_word' id='word_1_131' title='bbox 1247 2733 1314 2790; x_wconf 85' lang='lat' dir='ltr'>et</span> <span class='ocrx_word' id='word_1_132' title='bbox 1340 2726 1700 2809; x_wconf 86' lang='lat' dir='ltr'>periculum</span> <span class='ocrx_word' id='word_1_133' title='bbox 1728 2725 2100 2809; x_wconf 70' lang='lat' dir='ltr'>praeferatis.</span> 
     </span>
    </p>
   </div>
   <div class='ocr_carea' id='block_1_3' title="bbox 583 2982 2469 3198">
    <p class='ocr_par' dir='ltr' id='par_1_3' title="bbox 583 2982 2469 3198">
     <span class='ocr_line' id='line_1_20' title="bbox 583 2982 2469 3099; baseline 0.001 -5"><span class='ocrx_word' id='word_1_134' title='bbox 583 3031 1026 3096; x_wconf 81' lang='lat' dir='ltr'>EPISTOLA</span> <span class='ocrx_word' id='word_1_135' title='bbox 1071 3018 1916 3096; x_wconf 64' lang='lat' dir='ltr'>CCCCLVI.—wn,1„n1.m</span> <span class='ocrx_word' id='word_1_136' title='bbox 1951 3050 2420 3099; x_wconf 70' lang='lat' dir='ltr'>Nonwmnnsm</span> <span class='ocrx_word' id='word_1_137' title='bbox 2466 2982 2469 2987; x_wconf 85' lang='lat'>-</span> 
     </span>
     <span class='ocr_line' id='line_1_21' title="bbox 1100 3154 1891 3198; baseline 0.001 -2"><span class='ocrx_word' id='word_1_138' title='bbox 1100 3156 1187 3196; x_wconf 78' lang='lat' dir='ltr'>AD</span> <span class='ocrx_word' id='word_1_139' title='bbox 1219 3154 1515 3198; x_wconf 68' lang='grc' dir='ltr'><strong>ΤΗΟΜΑΜ</strong></span> <span class='ocrx_word' id='word_1_140' title='bbox 1548 3155 1891 3198; x_wconf 68' lang='grc' dir='ltr'><strong>ΟΑΝΤΠΑΒ.</strong></span> 
     </span>
    </p>
   </div>
   <div class='ocr_carea' id='block_1_4' title="bbox 552 3284 2450 3473">
    <p class='ocr_par' dir='ltr' id='par_1_4' title="bbox 552 3284 2450 3473">
     <span class='ocr_line' id='line_1_22' title="bbox 552 3284 2450 3367; baseline -0.001 -19"><span class='ocrx_word' id='word_1_141' title='bbox 552 3285 792 3347; x_wconf 72' lang='grc' dir='ltr'><strong><em>Ἠιοηπε</em></strong></span> <span class='ocrx_word' id='word_1_142' title='bbox 836 3286 1267 3348; x_wconf 76' lang='lat' dir='ltr'>Cantuariemi</span> <span class='ocrx_word' id='word_1_143' title='bbox 1311 3285 1768 3367; x_wconf 69' lang='lat' dir='ltr'>archiepiscopo</span> <span class='ocrx_word' id='word_1_144' title='bbox 1821 3284 2162 3350; x_wconf 70' lang='lat' dir='ltr'>Willelmuae</span> <span class='ocrx_word' id='word_1_145' title='bbox 2202 3284 2450 3347; x_wconf 63' lang='lat' dir='ltr'>Not-wi-</span> 
     </span>
     <span class='ocr_line' id='line_1_23' title="bbox 1216 3387 1780 3473; baseline -0.005 -23"><span class='ocrx_word' id='word_1_146' title='bbox 1216 3387 1413 3450; x_wconf 59' lang='lat' dir='ltr'>can-sis</span> <span class='ocrx_word' id='word_1_147' title='bbox 1441 3387 1780 3473; x_wconf 70' lang='lat' dir='ltr'>episcopus.</span> 
     </span>
    </p>
   </div>
   <div class='ocr_carea' id='block_1_5' title="bbox 538 3534 2452 4632">
    <p class='ocr_par' dir='ltr' id='par_1_5' title="bbox 538 3534 2452 4544">
     <span class='ocr_line' id='line_1_24' title="bbox 633 3534 2451 3600; baseline -0.001 0"><span class='ocrx_word' id='word_1_148' title='bbox 633 3537 1019 3600; x_wconf 71' lang='lat' dir='ltr'>Sncunntm</span> <span class='ocrx_word' id='word_1_149' title='bbox 1049 3535 1324 3599; x_wconf 85' lang='lat' dir='ltr'>formam</span> <span class='ocrx_word' id='word_1_150' title='bbox 1352 3534 1644 3599; x_wconf 89' lang='lat' dir='ltr'>mandati</span> <span class='ocrx_word' id='word_1_151' title='bbox 1677 3542 1904 3599; x_wconf 87' lang='lat' dir='ltr'>vestrae</span> <span class='ocrx_word' id='word_1_152' title='bbox 1933 3534 2295 3600; x_wconf 83' lang='lat' dir='ltr'>sanctitatis</span> <span class='ocrx_word' id='word_1_153' title='bbox 2326 3536 2451 3600; x_wconf 91' lang='lat' dir='ltr'>cle-</span> 
     </span>
     <span class='ocr_line' id='line_1_25' title="bbox 542 3638 2450 3724; baseline -0.001 -18"><span class='ocrx_word' id='word_1_154' title='bbox 542 3640 706 3706; x_wconf 87' lang='lat' dir='ltr'>ricos</span> <span class='ocrx_word' id='word_1_155' title='bbox 737 3640 818 3704; x_wconf 91' lang='lat' dir='ltr'>de</span> <span class='ocrx_word' id='word_1_156' title='bbox 846 3648 1020 3705; x_wconf 85' lang='lat' dir='ltr'>terra</span> <span class='ocrx_word' id='word_1_157' title='bbox 1047 3639 1299 3703; x_wconf 87' lang='lat' dir='ltr'>comitis</span> <span class='ocrx_word' id='word_1_158' title='bbox 1329 3639 1654 3721; x_wconf 88' lang='lat' dir='ltr'>Hugonis,</span> <span class='ocrx_word' id='word_1_159' title='bbox 1683 3639 1798 3724; x_wconf 90' lang='lat' dir='ltr'>qui</span> <span class='ocrx_word' id='word_1_160' title='bbox 1843 3644 1989 3721; x_wconf 88' lang='lat' dir='ltr'>post</span> <span class='ocrx_word' id='word_1_161' title='bbox 2030 3638 2450 3709; x_wconf 84' lang='lat' dir='ltr'>interdictum</span> 
     </span>
     <span class='ocr_line' id='line_1_26' title="bbox 545 3741 2450 3828; baseline 0.002 -18"><span class='ocrx_word' id='word_1_162' title='bbox 545 3743 789 3810; x_wconf 89' lang='lat' dir='ltr'>domini</span> <span class='ocrx_word' id='word_1_163' title='bbox 838 3764 1021 3827; x_wconf 83' lang='lat' dir='ltr'>papae</span> <span class='ocrx_word' id='word_1_164' title='bbox 1069 3742 1139 3806; x_wconf 92' lang='lat' dir='ltr'>in</span> <span class='ocrx_word' id='word_1_165' title='bbox 1191 3749 1365 3808; x_wconf 83' lang='lat' dir='ltr'>terra</span> <span class='ocrx_word' id='word_1_166' title='bbox 1414 3742 1614 3825; x_wconf 80' lang='lat' dir='ltr'>ipsius</span> <span class='ocrx_word' id='word_1_167' title='bbox 1659 3741 1878 3811; x_wconf 86' lang='lat' dir='ltr'>divina</span> <span class='ocrx_word' id='word_1_168' title='bbox 1921 3741 2243 3809; x_wconf 82' lang='lat' dir='ltr'>celebrare</span> <span class='ocrx_word' id='word_1_169' title='bbox 2289 3763 2450 3828; x_wconf 76' lang='lat' dir='ltr'>prae·</span> 
     </span>
     <span class='ocr_line' id='line_1_27' title="bbox 545 3844 2452 3931; baseline 0.001 -21"><span class='ocrx_word' id='word_1_170' title='bbox 545 3853 975 3931; x_wconf 85' lang='lat' dir='ltr'>sumpserunt,</span> <span class='ocrx_word' id='word_1_171' title='bbox 1026 3853 1286 3930; x_wconf 88' lang='lat' dir='ltr'>accepto</span> <span class='ocrx_word' id='word_1_172' title='bbox 1330 3844 1411 3908; x_wconf 90' lang='lat' dir='ltr'>ab</span> <span class='ocrx_word' id='word_1_173' title='bbox 1456 3844 1534 3913; x_wconf 83' lang='lat' dir='ltr'>iis</span> <span class='ocrx_word' id='word_1_174' title='bbox 1579 3851 1982 3910; x_wconf 83' lang='lat' dir='ltr'>sacramento</span> <span class='ocrx_word' id='word_1_175' title='bbox 2025 3845 2198 3929; x_wconf 87' lang='lat' dir='ltr'>quod</span> <span class='ocrx_word' id='word_1_176' title='bbox 2239 3853 2452 3911; x_wconf 87' lang='lat' dir='ltr'>vestro</span> 
     </span>
     <span class='ocr_line' id='line_1_28' title="bbox 544 3946 2451 4027; baseline 0.003 -16"><span class='ocrx_word' id='word_1_177' title='bbox 544 3948 852 4012; x_wconf 88' lang='lat' dir='ltr'>mandato</span> <span class='ocrx_word' id='word_1_178' title='bbox 902 3948 1188 4026; x_wconf 89' lang='lat' dir='ltr'>stabunt,</span> <span class='ocrx_word' id='word_1_179' title='bbox 1238 3947 1643 4025; x_wconf 87' lang='lat' dir='ltr'>absolvimus,</span> <span class='ocrx_word' id='word_1_180' title='bbox 1695 3946 2156 4013; x_wconf 88' lang='lat' dir='ltr'>interdicentes</span> <span class='ocrx_word' id='word_1_181' title='bbox 2213 3949 2312 4027; x_wconf 89' lang='lat' dir='ltr'>iis,</span> <span class='ocrx_word' id='word_1_182' title='bbox 2364 3970 2451 4017; x_wconf 86' lang='lat' dir='ltr'>ne</span> 
     </span>
     <span class='ocr_line' id='line_1_29' title="bbox 546 4049 2451 4136; baseline 0.001 -23"><span class='ocrx_word' id='word_1_183' title='bbox 546 4050 761 4113; x_wconf 86' lang='lat' dir='ltr'>divina</span> <span class='ocrx_word' id='word_1_184' title='bbox 789 4049 1202 4117; x_wconf 84' lang='lat' dir='ltr'>celebrarent.</span> <span class='ocrx_word' id='word_1_185' title='bbox 1292 4051 1393 4113; x_wconf 90' lang='lat' dir='ltr'>De</span> <span class='ocrx_word' id='word_1_186' title='bbox 1425 4070 1700 4132; x_wconf 89' lang='lat' dir='ltr'>quorum</span> <span class='ocrx_word' id='word_1_187' title='bbox 1728 4071 1998 4114; x_wconf 88' lang='lat' dir='ltr'>numero</span> <span class='ocrx_word' id='word_1_188' title='bbox 2026 4051 2261 4117; x_wconf 86' lang='lat' dir='ltr'>latores</span> <span class='ocrx_word' id='word_1_189' title='bbox 2290 4074 2451 4136; x_wconf 78' lang='lat' dir='ltr'>prae-</span> 
     </span>
     <span class='ocr_line' id='line_1_30' title="bbox 544 4151 2447 4237; baseline 0 -20"><span class='ocrx_word' id='word_1_190' title='bbox 544 4152 848 4229; x_wconf 89' lang='lat' dir='ltr'>sentium,</span> <span class='ocrx_word' id='word_1_191' title='bbox 912 4151 1241 4215; x_wconf 87' lang='lat' dir='ltr'>Gilbertus</span> <span class='ocrx_word' id='word_1_192' title='bbox 1301 4160 1367 4215; x_wconf 89' lang='lat' dir='ltr'>et</span> <span class='ocrx_word' id='word_1_193' title='bbox 1426 4152 1797 4221; x_wconf 83' lang='lat' dir='ltr'>Baldwinus</span> <span class='ocrx_word' id='word_1_194' title='bbox 1854 4153 2213 4237; x_wconf 84' lang='lat' dir='ltr'>presbyteri·</span> <span class='ocrx_word' id='word_1_195' title='bbox 2272 4161 2447 4232; x_wconf 89' lang='lat' dir='ltr'>sunt,</span> 
     </span>
     <span class='ocr_line' id='line_1_31' title="bbox 544 4253 2448 4340; baseline -0.001 -21"><span class='ocrx_word' id='word_1_196' title='bbox 544 4276 704 4340; x_wconf 88' lang='lat' dir='ltr'>quos</span> <span class='ocrx_word' id='word_1_197' title='bbox 743 4253 828 4321; x_wconf 85' lang='lat' dir='ltr'>ad</span> <span class='ocrx_word' id='word_1_198' title='bbox 864 4253 1058 4337; x_wconf 89' lang='lat' dir='ltr'>pedes</span> <span class='ocrx_word' id='word_1_199' title='bbox 1098 4261 1324 4317; x_wconf 86' lang='lat' dir='ltr'>vestrae</span> <span class='ocrx_word' id='word_1_200' title='bbox 1365 4254 1726 4321; x_wconf 89' lang='lat' dir='ltr'>sanctitatis</span> <span class='ocrx_word' id='word_1_201' title='bbox 1757 4275 2098 4337; x_wconf 85' lang='lat' dir='ltr'>suspensos</span> <span class='ocrx_word' id='word_1_202' title='bbox 2128 4276 2277 4321; x_wconf 89' lang='lat' dir='ltr'>cum</span> <span class='ocrx_word' id='word_1_203' title='bbox 2306 4254 2448 4318; x_wconf 73' lang='lat' dir='ltr'>lite-</span> 
     </span>
     <span class='ocr_line' id='line_1_32' title="bbox 540 4356 2447 4440; baseline 0.001 -17"><span class='ocrx_word' id='word_1_204' title='bbox 540 4379 762 4425; x_wconf 85' lang='lat' dir='ltr'>rarum</span> <span class='ocrx_word' id='word_1_205' title='bbox 792 4363 1159 4423; x_wconf 86' lang='lat' dir='ltr'>nostrarum</span> <span class='ocrx_word' id='word_1_206' title='bbox 1187 4356 1560 4420; x_wconf 88' lang='lat' dir='ltr'>testimonio</span> <span class='ocrx_word' id='word_1_207' title='bbox 1589 4356 1947 4440; x_wconf 86' lang='lat' dir='ltr'>dirigimus,</span> <span class='ocrx_word' id='word_1_208' title='bbox 1979 4356 2132 4440; x_wconf 92' lang='lat' dir='ltr'>quia</span> <span class='ocrx_word' id='word_1_209' title='bbox 2166 4356 2290 4440; x_wconf 88' lang='lat' dir='ltr'>ipsi</span> <span class='ocrx_word' id='word_1_210' title='bbox 2327 4357 2447 4425; x_wconf 76' lang='lat' dir='ltr'>mi.-</span> 
     </span>
     <span class='ocr_line' id='line_1_33' title="bbox 538 4457 2446 4544; baseline 0 -18"><span class='ocrx_word' id='word_1_211' title='bbox 538 4460 899 4529; x_wconf 79' lang='lat' dir='ltr'>serabiliter</span> <span class='ocrx_word' id='word_1_212' title='bbox 936 4458 1018 4525; x_wconf 80' lang='lat' dir='ltr'>ad</span> <span class='ocrx_word' id='word_1_213' title='bbox 1063 4480 1183 4526; x_wconf 88' lang='lat' dir='ltr'>nos</span> <span class='ocrx_word' id='word_1_214' title='bbox 1224 4457 1600 4531; x_wconf 82' lang='lat' dir='ltr'>accedentes</span> <span class='ocrx_word' id='word_1_215' title='bbox 1644 4459 1715 4527; x_wconf 86' lang='lat' dir='ltr'>id</span> <span class='ocrx_word' id='word_1_216' title='bbox 1757 4482 1799 4529; x_wconf 82' lang='lat' dir='ltr'>a</span> <span class='ocrx_word' id='word_1_217' title='bbox 1837 4458 2027 4526; x_wconf 80' lang='lat' dir='ltr'>nobis</span> <span class='ocrx_word' id='word_1_218' title='bbox 2069 4460 2446 4544; x_wconf 47' lang='lat' dir='ltr'>impetravev</span> 
     </span>
    </p>

    <p class='ocr_par' dir='ltr' id='par_1_6' title="bbox 1434 4564 1550 4632">
     <span class='ocr_line' id='line_1_34' title="bbox 1434 4564 1550 4632; baseline -0.06 0"><span class='ocrx_word' id='word_1_219' title='bbox 1434 4581 1478 4632; x_wconf 78' lang='lat' dir='ltr'>Q</span> <span class='ocrx_word' id='word_1_220' title='bbox 1508 4564 1550 4625; x_wconf 82' lang='lat'>2</span> 
     </span>
    </p>
   </div>
  </div>
 </body>
</html>
