3200 5392
732 712 857 777 176
1339 733 1682 775 ΒΕΜεΝειε
1716 734 2038 777 Ancum».

724 850 865 914 aliis
919 849 1135 913 saeculi
1177 849 1607 932 potestatibus
1650 850 1720 912 in
1764 851 2171 936 oppressione
2219 854 2633 919 ecclesiarum

720 953 1020 1016 trahatur
1044 952 1126 1015 ad
1155 953 1682 1036 consequentiam
1705 952 1878 1017 mali.
1945 954 2393 1037 Supplicamus
2414 958 2633 1041 itaque

723 1054 1102 1139 paternitati
1152 1061 1396 1132 vestrae,
1443 1055 1515 1118 in
1564 1077 1760 1138 quam
1811 1056 2102 1121 omnium
2146 1059 2315 1121 oculi
2359 1061 2634 1144 conjecti

724 1165 898 1237 sunt,
929 1158 1374 1241 praestolantes
1406 1179 1598 1241 quem
1628 1158 1874 1221 exitum
1904 1181 2098 1223 causa
2126 1160 2251 1224 Dei
2280 1162 2400 1225 sub
2424 1169 2633 1227 vestro

724 1259 1018 1323 examine
1062 1258 1386 1337 sortietur,
1429 1267 1748 1341 quatenus
1792 1266 1977 1324 tanto
2019 1262 2207 1340 exuli,
2251 1264 2452 1328 immo
2495 1271 2632 1328 tam

724 1361 987 1426 sincerae
1024 1383 1231 1426 causae
1271 1361 1685 1440 subveniatis,
1728 1369 1794 1426 et
1832 1369 2043 1427 vestro
2078 1366 2475 1448 prospiciatis
2517 1368 2630 1431 ho-

724 1464 887 1543 nori,
918 1472 986 1528 et
1025 1464 1302 1528 ecclesiae
1338 1463 1625 1528 libertati
1663 1465 1904 1548 pariter
1933 1473 1999 1529 et
2036 1467 2250 1532 saluti.
2344 1470 2414 1531 Si
2458 1471 2631 1533 enim

724 1572 999 1629 assertor
1026 1565 1288 1630 honoris
1318 1566 1441 1630 Dei
1472 1573 1815 1650 torquetur
1842 1568 1915 1630 in
1953 1568 2266 1651 patibu10‚
2299 1572 2454 1653 quid
2498 1571 2630 1656 spei

725 1672 971 1734 caeteris
1043 1671 1242 1735 divini
1310 1672 1592 1735 nominis
1652 1672 2122 1764 confessoribus
2181 1675 2582 1758 relinquetur
2602 1678 2632 1737 ¹?

730 1772 1026 1838 Qualiter
1056 1780 1275 1837 autem
1313 1795 1523 1855 nuper
1565 1775 1946 1856 processerit
1986 1797 2179 1840 causa
2208 1777 2364 1860 ejus,
2396 1798 2471 1839 ex
2503 1784 2631 1840 tes-

723 1874 995 1938 timonio
1024 1876 1143 1939 viri
1172 1875 1601 1941 celeberrimae
1633 1877 1950 1959 opinionis
1983 1878 2154 1961 apud
2184 1900 2320 1957 nos,
2349 1879 2629 1943 Simonis

727 1976 953 2060 prioris
1007 1977 1086 2042 de
1134 1985 1355 2043 monte
1407 1979 1551 2056 Dei,
1601 1979 2005 2044 innotescere
2064 1981 2316 2063 plenius
2376 1982 2631 2064 poterit,

724 2088 952 2165 utpote
1005 2082 1341 2147 scribentis
1394 2105 1537 2167 quae
1588 2084 1748 2147 vidit
1807 2093 1874 2147 et
1922 2085 2186 2164 audivit,
2241 2086 2398 2149 dum
2451 2109 2631 2150 man-

724 2183 951 2247 datum
981 2193 1265 2249 vestrum
1296 2192 1737 2268 exequeretur.
1805 2187 1924 2250 Est
1955 2187 2125 2250 enim
2158 2188 2255 2251 vir
2283 2188 2630 2252 admodum

721 2284 1006 2369 probatae
1050 2287 1394 2370 religionis,
1441 2294 1507 2350 et
1553 2308 1746 2370 quem
1793 2288 1975 2353 nulla
2020 2290 2268 2353 ratione
2314 2291 2631 2354 credimus

722 2387 804 2450 ad
841 2387 963 2451 hoc
1007 2389 1231 2453 induci
1269 2410 1471 2471 posse,
1513 2397 1588 2453 ut
1637 2390 1877 2474 aliquid
1918 2398 2145 2456 contra
2174 2393 2630 2458 conscientiam

727 2489 916 2553 dicat.
1008 2490 1257 2568 Valeat,
1292 2492 1402 2554 Sto.

824 2806 1267 2872 EPISTOLA
1313 2809 2391 2875 CCCCXXVII.—cANOmconmu
2419 2832 2531 2874 nn-

1201 2930 1508 2974 Mnnsmm
1537 2932 1633 2974 An
1663 2932 1861 2975 Anax,
1896 2933 2142 2976 PAPAM.

1005 3060 1367 3123 Alexandro
1384 3083 1571 3142 papae
1601 3064 1881 3126 canonici
1910 3065 2253 3127 Rem-enses.

809 3209 1307 3289 INvALssctJN‘r,
1339 3219 1539 3301 pater,
1584 3214 1884 3277 scandala
1926 3214 2324 3296 temporibus
2367 3213 2624 3292 nostriS‚

720 3320 795 3375 ut
823 3313 893 3376 in
924 3315 1291 3379 auctoribus
1335 3336 1558 3379 eorum
1603 3316 2078 3400 compescendis
2118 3323 2184 3380 et
2221 3316 2625 3380 conterendis

719 3415 919 3478 virtus
971 3424 1178 3480 vestra
1230 3418 1462 3481 clarius
1522 3419 1858 3483 elucescat.
1962 3417 2369 3481 Confidimus
2429 3419 2622 3495 enim,

719 3516 890 3599 quod
924 3518 1276 3581 Sathanam
1321 3527 1611 3583 conteret
1657 3521 1775 3584 sub
1822 3520 2094 3603 pedibus
2124 3521 2368 3598 vestris,
2402 3521 2512 3603 qui
2554 3520 2625 3583 in

718 3618 1009 3682 membra
1036 3621 1191 3702 ejus,
1225 3621 1435 3702 capita
1469 3623 1829 3688 schismatis
1859 3624 2201 3706 loquimur,
2235 3624 2624 3706 condignam

717 3728 782 3783 et
843 3721 1182 3802 gloriosam
1242 3724 1524 3786 exercuit
1584 3726 1920 3789 ultionem.
2033 3725 2273 3789 Exerat
2333 3746 2505 3807 erge,
2569 3726 2623 3787 si

717 3823 946 3905 placet,
980 3824 1281 3905 quoniam
1310 3833 1566 3909 tempus
1597 3836 1714 3906 est,
1739 3829 1810 3891 in
1839 3829 2205 3892 incentores
2236 3827 2620 3905 schismatis,

717 3932 783 3987 et
812 3930 1086 3988 tortores
1125 3927 1404 3991 ecclesiae
1443 3929 1729 4012 gladium
1772 3931 1950 3994 Petri
1991 3929 2256 3994 dextera
2294 3922 2525 4007 vestra,
2557 3937 2624 3993 et

720 4027 1145 4092 venerabilem
1192 4029 1526 4095 dominum
1572 4032 2126 4110 Cantuariensem,
2175 4031 2285 4114 qui
2329 4052 2446 4113 pro
2485 4033 2624 4114 jus-

719 4130 864 4194 titia
915 4132 1052 4214 jam
1106 4133 1546 4215 quinquennio
1607 4134 2006 4215 dignoscitur
2064 4134 2341 4210 exulare,
2397 4134 2624 4197 saltem

721 4256 897 4298 nunc
926 4236 1190 4299 tandem
1230 4236 1639 4299 miseratione
1680 4236 1898 4300 debita
1937 4237 2319 4300 consoletur·
2415 4235 2624 4318 Siqui-

718 4338 865 4400 dem
906 4340 1162 4422 justitia
1204 4340 1342 4420 ejus
1391 4359 1565 4401 nunc
1625 4340 1966 4404 manifesta
2024 4348 2140 4418 est,
2193 4340 2359 4403 sicut
2406 4339 2623 4402 adver-
