3200 5392
607 872 740 914 Aa).
777 852 1173 936 nol—89]
1273 811 1607 932 nms'roma
1634 860 1959 923 QU'AEDAM.
2385 857 2511 920 189

606 989 822 1072 Igitur
856 988 1009 1053 satis
1040 987 1192 1052 dare
1231 994 1297 1052 et
1338 988 1702 1053 satisfacere
1731 986 2072 1066 volentem,
2103 988 2511 1073 ecclesiaeque

607 1111 675 1153 se
711 1089 958 1177 judicio
1000 1090 1072 1154 in
1115 1090 1216 1153 his
1262 1110 1404 1174 quae
1447 1097 1603 1154 sunt
1648 1090 1948 1169 ecclesiae,
1980 1111 2101 1155 nec
2144 1090 2214 1154 in
2258 1091 2511 1157 modico

606 1182 1113 1270 subtrahentem,
1174 1192 1337 1257 colla
1396 1192 1639 1258 Christi
1699 1195 1860 1279 jugo
1917 1193 2325 1274 subdentem,
2387 1217 2511 1278 quo

598 1295 765 1377 jure,
811 1317 938 1378 qua
982 1296 1144 1379 lege,
1192 1316 1395 1378 quove
1439 1316 1686 1360 canone
1733 1302 1848 1359 aut
1897 1295 2241 1361 interdicto
2289 1318 2509 1380 grava-

603 1397 778 1477 bitis,
820 1403 933 1462 aut
978 1397 1202 1475 securi,
1246 1397 1418 1481 quod
1462 1398 1650 1477 absit,
1692 1399 2061 1483 evangelica
2102 1399 2510 1482 praecidetis?

604 1500 761 1564 Non
788 1500 1035 1584 impetu
1067 1501 1328 1584 quidem
1357 1500 1528 1580 ferri,
1560 1501 1675 1565 sed
1703 1501 1948 1585 judicio
1985 1501 2337 1585 prudenter
2370 1503 2512 1585 regi

603 1603 924 1668 laudabile
971 1610 1089 1668 est.
1181 1603 1375 1668 Unde
1407 1600 1716 1668 nostrum
1761 1604 2054 1668 omnium
2104 1625 2239 1668 una
2289 1611 2387 1669 est
2436 1605 2511 1668 in

605 1725 945 1768 commune
983 1705 1230 1788 petitio,
1268 1726 1352 1769 ne
1393 1706 1658 1770 consilio
1698 1707 2010 1789 praecipiti
2050 1713 2329 1772 mactare
2368 1729 2509 1792 per-

606 1792 772 1890 gatis
818 1815 883 1871 et
926 1807 1212 1890 perdere,
1249 1807 1360 1871 sed
1406 1809 1760 1872 commissis
1804 1809 1980 1873 vobis
2026 1809 2268 1889 ovibus,
2300 1817 2376 1874 ut
2420 1811 2510 1873 vi-

605 1917 761 1989 tam,
822 1917 898 1973 ut
955 1931 1200 1993 pacem,
1260 1918 1336 1974 ut
1396 1911 1806 1976 securitatem
1878 1912 2182 1990 habeant,
2242 1920 2515 1997 paterna

607 2012 919 2076 studeatis
950 2013 1160 2095 gratia
1185 2012 1557 2096 providere·

693 2116 918 2180 Movet
962 2115 1223 2199 quidem
1266 2137 1489 2181 omnes
1537 2138 1675 2194 noS,
1722 2116 1894 2200 quod
1936 2117 2006 2180 in
2049 2117 2316 2181 fratrem
2363 2138 2509 2181 nos-

606 2223 802 2296 trum,
835 2216 1170 2281 dominum
1212 2218 1762 2282 Saresberiensem
1800 2219 2188 2302 episcopum,
2221 2224 2287 2282 et
2326 2218 2510 2281 deca-

606 2341 767 2383 num
827 2320 1133 2404 ejusdem,
1194 2329 1599 2404 praepostere,
1661 2327 1737 2385 ut
1795 2320 2055 2404 quidam
2115 2320 2510 2398 existimant,

606 2443 814 2507 nuper
863 2429 1082 2488 actum
1135 2423 1530 2487 audivimus:
1581 2424 1654 2487 in
1700 2444 1858 2506 quos
1911 2423 2344 2507 suspensionis
2396 2430 2511 2487 aut

607 2525 1039 2590 damnationis
1088 2547 1346 2610 poenam
1400 2534 1552 2590 ante
1604 2533 1848 2591 motam
1893 2526 1973 2590 de
2017 2526 2206 2610 culpa
2255 2532 2510 2590 contro-

606 2630 896 2709 versiam,
950 2628 1244 2710 calorem,
1292 2636 1369 2694 ut
1420 2630 1695 2708 videtur,
1747 2628 2116 2707 iracundiae,
2170 2629 2520 2713 plusquam·

599 2733 871 2815 justitiae
929 2740 1186 2798 secutus
1243 2730 1591 2809 tramitem,
1651 2730 2016 2796 intorsistis.
2108 2730 2287 2794 Ordo
2338 2729 2511 2814 judi-

608 2836 849 2900 ciorum
893 2858 1095 2900 novus
1142 2836 1249 2900 hic
1295 2843 1414 2914 est,
1457 2835 1793 2917 hucusque
1835 2833 2086 2917 legibus
2132 2841 2198 2897 et
2250 2832 2510 2897 canoni-

607 2938 749 3017 bus,
795 2946 872 3004 ut
920 2938 1354 3022 sperabamuS,
1398 2938 1807 3021 incognitus:
1855 2937 2162 3001 damnare
2207 2937 2510 3020 primum,

608 3048 675 3104 et
716 3040 797 3104 de
835 3040 1025 3125 culpa
1061 3047 1383 3124 postremo
1419 3060 1821 3123 cognoscere.
1913 3039 2126 3106 Quem
2167 3059 2250 3102 ne
2271 3038 2359 3101 .in
2400 3038 2512 3102 do-

608 3142 860 3205 minum
889 3150 1185 3206 nostrum
1225 3163 1442 3225 regem
1481 3149 1547 3206 et
1584 3163 1859 3226 regnum
1891 3142 2052 3224 ejuS,
2082 3162 2168 3204 ne
2194 3141 2266 3205 in
2295 3163 2414 3204 nos
2445 3149 2511 3205 et

611 3244 981 3308 commissas
1030 3242 1217 3307 nobis
1276 3243 1571 3307 ecclesias
1625 3250 1692 3307 et
1744 3243 2094 3325 parochias,
2145 3243 2217 3305 in
2268 3241 2516 3306 domini

609 3367 791 3432 papae
835 3346 1167 3425 damnum,
1217 3352 1581 3428 sanctaeque
1629 3346 1940 3408 Romanae
1990 3344 2271 3408 ecclesiae
2323 3344 2525 3407 dede-·

609 3470 719 3513 cus
759 3454 826 3513 et
866 3447 1350 3525 detrimentum,
1382 3453 1745 3529 nostraeque
1775 3445 2168 3509 confusionis
2208 3465 2513 3528 augmen-

606 3559 753 3616 tum
804 3572 938 3614 non
987 3548 1335 3628 modicum,
1381 3567 1673 3612 exercere
1721 3548 1989 3613 tentetis
2037 3553 2103 3611 et
2149 3547 2514 3626 extendere,

608 3654 969 3719 remedium
1026 3652 1202 3717 vobis
1262 3651 1707 3736 appellationis
1765 3650 2166 3734 opponimus.
2265 3651 2353 3714 Et
2406 3650 2518 3734 qui

609 3767 836 3823 contra
889 3764 1140 3822 metum
1199 3754 1646 3839 gravaminum
1703 3754 1776 3818 in
1831 3753 1994 3817 facie
2047 3753 2325 3817 ecclesiae
2378 3753 2516 3816 viva

603 3860 989 3943 jamdudum
1033 3879 1185 3922 voce
1232 3858 1314 3922 ad
1366 3856 1703 3921 dominum
1752 3877 1985 3940 papam
2037 3856 2512 3939 appellavimus,

609 3963 843 4026 iterato
884 3964 1025 4046 jam
1073 3983 1251 4025 nunc
1302 3960 1385 4025 ad
1434 3961 1651 4044 ipsum
1703 3960 1940 4044 scripto
1991 3960 2188 4023 etiam
2241 3958 2514 4041 appella-

612 4085 779 4142 mUS,
839 4070 905 4128 et
972 4064 1383 4147 appellationi
1439 4062 1794 4127 terminum
1854 4061 2027 4125 diem
2083 4060 2514 4125 adscensionis

614 4165 972 4230 Dominicae
1045 4166 1475 4248 designamus,
1538 4152 1785 4249 ‹juanta
1843 4165 2103 4248 quidem
2175 4183 2516 4246 possumus

614 4269 954 4333 devotione
1006 4268 1459 4352 supplicantes,
1512 4274 1589 4332 ut
1647 4268 1813 4332 inito
1865 4264 2201 4331 salubriori
2251 4264 2516 4327 consilio

612 4371 836 4436 vestris
896 4391 970 4436 ac
1027 4369 1265 4434 nostris
1323 4370 1671 4450 laboribus,
1733 4369 2153 4454 expensisque
2219 4365 2516 4451 parcatis,
