3200 5392
627 874 762 918 ΑΛ).
804 853 1226 935 116]--89.],
1297 872 1630 916 EPISTOLAE
1663 872 1985 922 QUAEDAM.
2407 853 2531 915 163

696 1136 1141 1200 EPISTOLA
1185 1136 1911 1201 ccccxx—mmm
1944 1156 2025 1197 Er
2056 1155 2452 1198 coanN'rus

986 1309 1001 1314 ,
1077 1259 1415 1302 CAN'rUAR.
1449 1258 1540 1300 An
1573 1257 1774 1299 Ami-x.
1809 1257 2061 1314 PAPAM.

748 1386 1022 1451 Domino
1038 1408 1226 1470 papae
1241 1389 1430 1469 prior
1452 1387 1920 1450 Cantauriensis
1948 1393 2008 1449 et
2038 1392 2383 1476 conventam.

702 1536 837 1599 Eos
883 1537 1060 1602 vobis
1105 1537 1389 1601 securius
1434 1535 1978 1612 commendamus,
2010 1556 2169 1617 quos
2215 1535 2521 1599 sincerius

616 1638 962 1721 diligimus,
1004 1647 1069 1703 et
1114 1660 1274 1722 quos
1320 1637 1402 1702 ad
1447 1645 1738 1701 sanctam
1785 1638 2144 1700 Romanam
2190 1638 2522 1701 ecclesiam

613 1740 1021 1804 sinceriorem
1082 1741 1403 1804 credimus
1476 1738 1714 1803 habere
1787 1739 2142 1803 caritatem.
2267 1738 2523 1803 Horum

610 1864 783 1907 unus
828 1851 894 1907 et
941 1842 1012 1905 in
1056 1844 1280 1926 primis
1328 1843 1462 1906 fere
1512 1843 1759 1925 primus
1804 1849 1899 1904 est
1942 1849 2126 1924 pater
2167 1863 2521 1926 pauperum

612 1951 678 2008 et
736 1946 1151 2009 moerentium
1206 1945 1585 2022 consolator,
1642 1950 1967 2028 protector
2015 1952 2237 2008 noster
2285 1945 2357 2007 in
2409 1967 2521 2008 an-

612 2048 861 2129 gustiis,
922 2047 1301 2111 venerabilis
1361 2048 1559 2111 frater
1619 2054 1841 2110 noster
1915 2049 1995 2110 R.
2050 2047 2519 2111 Wintoniensis

610 2150 871 2228 electus,‚
905 2170 1096 2233 quem
1142 2149 1224 2213 ad
1267 2150 1409 2227 hoc,
1442 2156 1518 2213 ut
1547 2148 1836 2213 fidelium
1869 2169 2011 2231 spes
2041 2155 2158 2226 est,
2193 2148 2275 2210 ad
2319 2150 2521 2212 eccle-

611 2249 722 2312 siae
767 2271 898 2312 suae
940 2249 1231 2331 regimen
1261 2250 1556 2313 Christus
1601 2250 1816 2331 elegit,
1855 2257 1932 2313 ut
1978 2249 2349 2312 adversariis
2380 2251 2517 2333 ejus

608 2371 644 2414 e
671 2351 934 2433 regione
964 2351 1162 2434 possit
1193 2351 1536 2415 ascendere
1566 2358 1632 2415 et
1664 2372 1731 2414 se
1760 2373 2021 2417 murum
2051 2372 2372 2434 opponere
2400 2374 2517 2435 pro

607 2453 798 2516 domo
828 2453 1050 2531 Israel,
1084 2461 1150 2517 et
1189 2460 1487 2537 potenter
1527 2460 1859 2517 conterere
1891 2453 2163 2536 justitiae
2200 2453 2512 2533 inimicos,

604 2561 671 2618 et
721 2556 916 2638 justis
976 2555 1267 2619 debitum
1326 2556 1617 2619 conferre
1678 2553 2056 2619 subsidium.
2147 2555 2514 2638 Majestatis

601 2658 819 2739 itaque
881 2666 1104 2722 vestrae
1162 2658 1432 2741 pedibus
1490 2658 1830 2741 provoluti,
1891 2664 2208 2742 quotquot
2268 2680 2509 2737 sumus,

602 2760 915 2823 attentius
946 2760 1396 2843 supplicamus,
1430 2759 1734 2843 quatinus
1770 2780 1919 2823 eum
1962 2760 2043 2823 ad
2083 2760 2509 2843 expediendas

595 2861 870 2943 propriae
920 2861 1201 2925 ecclesiae
1251 2862 1666 2925 necessitates
1717 2870 1784 2926 et
1843 2862 2116 2926 aliorum
2167 2864 2509 2927 consolati-

598 2982 790 3026 onem
828 2963 1078 3026 faciatis
1125 2964 1498 3027 maturitate
1547 2962 1836 3026 adhibita
1879 2966 2278 3045 promoveri:
2322 2973 2389 3029 et
2429 2974 2506 3030 ut

597 3063 892 3147 precibus
922 3066 1078 3148 ejus,
1111 3086 1269 3147 quas
1297 3087 1433 3129 non
1473 3066 1600 3129 nisi
1638 3066 1710 3128 in
1748 3064 2037 3131 Domino
2064 3067 2351 3131 factums
2382 3075 2501 3146 est,

598 3166 823 3246 gratiae
850 3175 1077 3231 vestrae
1106 3167 1284 3231 favor
1313 3166 1592 3232 accedat.
1653 3167 1904 3231 Valete.

611 3432 1051 3500 EPISTOLA
1092 3431 1837 3495 CCCCXXI.--onoms
1871 3453 2144 3495 nucius
2171 3453 2250 3498 nr
2276 3425 2475 3501 co'NV.

1117 3555 1312 3598 cAN‘r.
1347 3556 1437 3597 An
1471 3555 1672 3598 Anax.
1707 3555 1962 3598 uram.

793 3688 1058 3749 Domino
1076 3704 1262 3766 papae
1290 3685 1424 3746 Odo
1439 3686 1629 3765 prior
1657 3691 1716 3747 et
1746 3690 2073 3747 conventus
2104 3688 2285 3749 Cant.

679 3833 1191 3913 CALAMITAras,
1224 3856 1382 3917 quas
1413 3834 1680 3898 ecclesia
1706 3840 1928 3898 nostra
1962 3835 2154 3917 pleno
2185 3835 2494 3901 decennio

581 3936 718 4018 jam
742 3936 1070 4015 sustinuit,
1095 3936 1456 4019 apostolicae
1479 3936 1614 4000 sedi
1643 3958 1778 4001 non
1807 3943 2076 4020 possunt
2106 3957 2241 4002 esse
2270 3939 2492 4022 incog-

586 4039 763 4116 nitae,
810 4040 959 4121 quia
1005 4060 1111 4103 eas
1157 4046 1335 4104 totus
1385 4039 1793 4103 Christianus
1834 4038 2003 4103 orbis
2044 4039 2325 4121 agnovit.
2420 4040 2493 4103 Si

588 4162 779 4203 causa
816 4142 1142 4223 quaeritur,
1177 4143 1431 4225 justitia
1471 4163 1537 4206 se
1579 4142 1884 4217 ostendit,
1922 4150 2185 4225 apparet
2229 4142 2491 4205 libertas

587 4244 883 4320 ecclesiae,
920 4244 1276 4307 reverentia
1305 4244 1470 4307 sedis
1502 4244 1883 4327 apostolicae,
1916 4244 2100 4327 cujus
2141 4243 2489 4307 auctoritas

585 4346 1014 4409 evacuabatur
1059 4345 1128 4408 in
1167 4346 1459 4428 partibus
1499 4346 1755 4423 nostris,
1790 4368 1856 4409 se
1896 4367 2035 4409 esse
2075 4349 2492 4427 protestatur,

583 4469 699 4539 pro
749 4470 874 4532 qua
926 4454 992 4514 et
1046 4448 1357 4530 gloriosus
1404 4456 1652 4531 martyr
1700 4448 1941 4512 Christi
1989 4445 2328 4510 occubuit:
2373 4467 2491 4534 pro

1474 4571 1525 4611 Μ
1560 4553 1601 4618 2
