3200 5392
536 998 666 1040 Aa).
706 975 1098 1058 uel—89]
1191 994 1690 1038 Lonnomnnsls
1723 992 2078 1038 nrls‘roLAE.
2348 977 2432 1040 27

533 1112 639 1176 die
666 1132 707 1176 v
733 1110 937 1175 millia
978 1109 1338 1189 hominum,
1370 1109 1494 1173 alia
1537 1109 1642 1172 die
1685 1109 1812 1172 tria
1853 1108 2056 1172 millia
2098 1108 2437 1173 hominum

536 1214 615 1279 de
668 1214 711 1278 J
710 1214 913 1278 udaels
963 1212 1045 1278 ad
1093 1212 1426 1278 Christum
1478 1211 1815 1277 convertit.
1907 1211 2162 1278 Quibus
2222 1212 2439 1295 gestis,

537 1316 720 1381 aiunt
778 1315 1101 1400 apostolis,
1162 1315 1395 1379 ‘Absit
1452 1321 1529 1378 111
1588 1313 1851 1379 domina
1921 1320 2144 1379 nostra
2201 1314 2444 1380 Christi

538 1440 771 1502 sponsa
804 1419 999 1502 pedes
1029 1418 1304 1501 amplius
1335 1417 1685 1502 gradiatur.
1777 1417 2158 1484 Quaeramus
2201 1418 2264 1481 ei
2306 1417 2442 1481 ani-

465 1575 469 1579 .
536 1523 686 1600 mal,
719 1543 846 1606 quo
876 1521 1294 1600 subvehente,
1325 1520 1594 1586 celerius
1638 1527 1707 1585 et
1749 1521 2105 1599 110110811118,
2137 1542 2441 1605 quocum-

539 1646 665 1708 que
716 1625 1004 1690 eundum
1048 1624 1109 1688 ei
1153 1631 1271 1705 est,
1319 1624 1666 1689 deferatur.
1776 1624 1906 1688 Sed
1962 1624 2070 1689 hic
2128 1644 2263 1688 11011
2320 1624 2444 1689 0111

541 1748 763 1811 equus,
813 1729 924 1812 qui
977 1729 1219 1792 animal
1269 1727 1584 1812 superbiae
1644 1733 1710 1792 et
1762 1727 2095 1792 discordiae
2152 1735 2270 1805 est,
2323 1748 2445 1792 1100

540 1829 776 1910 08111118,
824 1833 973 1915 quia
1019 1831 1239 1896 fatuus
1290 1838 1356 1896 et
1406 1829 1802 1910 immundus,
1849 1829 1963 1895 sed
2012 1831 2247 1909 mulus,
2296 1830 2446 1914 quia

536 1935 809 1999 firmiter
851 1942 918 1999 et
962 1942 1216 1998 mature
1261 1934 1598 2018 graditur?
1688 1934 1916 1998 Mulus
1944 1934 2167 2019 itaque
2197 1954 2447 2018 sponsae

539 2039 752 2118 datur,
786 2039 938 2121 quia
963 2039 1238 2122 populus
1268 2060 1347 2102 ex
1378 2040 1420 2102 J
1423 2038 1625 2103 udaeis
1668 2044 1735 2102 01
1775 2037 2078 2122 gentibus
2123 2037 2206 2102 ad
2248 2038 2449 2102 finem

538 2162 885 2205 conversus
915 2147 1032 2203 est.
1126 2141 1305 2204 Sicut
1337 2141 1512 2205 enim
1542 2141 1757 2204 mulus
1795 2163 1874 2205 ex
1913 2141 2175 2206 diversis
2205 2141 2447 2206 anima-

541 2242 714 2306 libus
746 2241 1055 2320 nascitur,
1080 2242 1172 2305 sic
1199 2241 1524 2324 primitiva
1552 2242 1819 2306 ecclesia
1847 2264 1926 2306 ex
1956 2242 2216 2306 diversis
2245 2265 2447 2326 popu-

540 2345 622 2408 lis
651 2344 919 2408 collecta
948 2351 1066 2423 est,
1095 2342 1391 2408 videlicet
1431 2364 1511 2407 ex
1541 2344 1583 2406 J
1585 2342 1786 2408 udaeis
1813 2351 1882 2408 et
1912 2343 2215 2428 gentibus
2244 2345 2340 2408 vel
2370 2367 2449 2409 ex

542 2446 1080 2531 praesumentibus
1111 2445 1621 2530 desperantibus.
1711 2446 2010 2511 Christus
2040 2447 2215 2512 enim
2245 2447 2451 2511 diver-

541 2551 627 2614 sis
658 2557 724 2614 et
754 2550 1090 2614 contrariis
1119 2548 1606 2614 infirmitatibus
1635 2549 2022 2629 laborantes,
2052 2549 2218 2615 miro
2255 2550 2449 2616 modo

540 2653 807 2730 sanavit,
841 2660 908 2716 et
937 2674 1071 2716 uno
1099 2653 1542 2732 medicamine,
1572 2652 1641 2716 id
1671 2660 1789 2732 est,
1821 2674 2009 2717 cruce
2055 2674 2173 2717 sua
2187 2678 2207 2731 3
2254 2652 2449 2717 nimis

543 2756 939 2820 confidentes
969 2763 1036 2821 et
1067 2757 1478 2840 desperantes
1505 2756 1792 2836 fuerunt,
1816 2762 1883 2821 et
1913 2757 2123 2821 adhuc
2153 2764 2307 2821 sunt
2338 2758 2450 2841 qui

543 2860 788 2939 dicunt,
837 2866 857 2896 ‘
874 2882 1090 2925 remea
1132 2867 1479 2944 conceptus
1524 2861 1711 2939 sum,'
1758 2867 1824 2926 et
1869 2866 1891 2896 ‘
1906 2861 2070 2925 nulli
2113 2882 2451 2945 nunquam

540 2985 657 3046 per
693 2963 822 3027 vim
862 2964 1089 3046 rapui,’
1135 2970 1200 3028 et
1241 2963 1492 3042 similia,
1524 2970 1590 3027 et
1631 2969 1649 2998 ‘
1668 2963 1826 3047 quid
1855 2969 1953 3027 est
1983 2984 2181 3047 quare
2211 2963 2291 3026 de
2319 2962 2453 3027 vita

545 3066 874 3149 desperem
904 3073 971 3130 et
1005 3066 1387 3130 Gehennam
1416 3065 1684 3129 timeam
1700 3065 1753 3127 P'
1848 3064 1976 3128 Sed
2016 3065 2070 3128 si
2109 3063 2452 3128 attendant

547 3168 719 3251 quod
762 3167 1079 3246 Christus,
1128 3169 1239 3252 qui
1281 3174 1545 3252 peccata
1585 3188 1722 3231 non
1764 3167 1937 3245 fecit,
1983 3188 2106 3231 nec
2146 3166 2451 3231 inventus

545 3276 645 3332 est
675 3268 916 3347 dolum,
947 3277 1012 3333 et
1043 3277 1292 3349 caetera,
1321 3277 1530 3334 morte
1559 3277 1783 3336 tamen
1809 3270 2199 3353 turpissima,
2239 3271 2309 3335 id
2352 3279 2451 3336 est

544 3390 734 3435 cruce
777 3370 975 3434 vitam
1021 3371 1246 3449 finivit,
1293 3371 1601 3436 deficiunt
1646 3394 1685 3435 a
1728 3372 2027 3455 superbia
2069 3394 2206 3451 sua,
2251 3380 2319 3437 et
2368 3362 2450 3437 ti-

543 3494 722 3537 more
769 3473 1051 3552 contriti,
1100 3472 1181 3536 ad
1233 3473 1667 3539 humilitatem
1719 3479 1785 3537 et
1837 3473 1920 3536 ad
1970 3474 2450 3537 communican-

546 3576 702 3641 dum
746 3575 1149 3661 passionibus
1180 3575 1421 3641 Christi
1458 3583 1945 3641 convertuntur.
2040 3576 2169 3640 Sed
2210 3576 2448 3641 iterum

546 3679 656 3763 qui
699 3686 799 3744 tot
844 3687 910 3745 01
955 3679 1157 3743 1011118
1199 3678 1591 3744 facinoribus
1636 3686 1790 3743 sunt
1833 3678 2175 3762 inquinati,
2206 3686 2283 3744 ut
2327 3679 2450 3743 sibi

541 3782 867 3866 indulgeri
926 3781 1249 3847 diffidunt.
1371 3782 1500 3847 Sed
1574 3783 1628 3846 si
1700 3782 1809 3847 isti
1876 3782 2220 3867 attendant
2279 3782 2451 3866 quod

545 3886 842 3950 Christus
881 3907 1016 3951 non
1055 3907 1173 3970 pro
1212 3907 1300 3965 se,
1333 3886 1445 3950 sed
1488 3907 1604 3969 pro
1647 3885 2089 3970 peccatoribus
2119 3886 2449 3967 sustinuit,

530 3989 844 4072 spiritum
889 3995 1176 4068 sumunt,
1213 3995 1281 4053 et
1325 4011 1364 4052 a
1407 3988 1850 4072 desperatione
1894 3995 2225 4053 sanantur.
2316 3987 2449 4054 Ita-

547 4112 671 4173 que
716 4091 1010 4155 Christus
1055 4112 1244 4156 cruce
1287 4114 1405 4156 sua
1447 4099 1513 4156 et
1556 4098 2019 4176 praesumentes
2063 4098 2268 4170 sanat,
2300 4092 2452 4176 quia

545 4194 856 4258 innocens
899 4214 1124 4277 passus
1168 4201 1285 4274 est,
1332 4203 1397 4259 et
1442 4196 1875 4278 desperantes,
1905 4196 2061 4281 quia
2100 4195 2449 4279 peccatori-

547 4295 668 4360 bus
713 4296 1044 4362 sustinuit.
1133 4298 1222 4362 Et
1266 4319 1345 4363 ex
1388 4298 1488 4361 his
1533 4297 1796 4362 diversis
1847 4297 2289 4382 peccatoribus
2341 4318 2449 4381 ge-

546 4398 810 4463 neribus
858 4400 1125 4465 ecclesia
1173 4407 1563 4485 congregata
1612 4402 1828 4464 mulus
1879 4408 1997 4479 est,
2048 4422 2240 4484 quem
2298 4421 2447 4484 apo-

548 4501 696 4566 stoli
740 4511 1101 4585 praeparant
1149 4526 1416 4588 sponsae,
1463 4511 1533 4568 et
1580 4504 1637 4568 ei
1689 4504 1762 4567 in
1808 4503 2045 4567 talibus
2094 4503 2450 4591 quiescenti

545 4613 610 4667 et
633 4619 766 4689 ‘per
807 4626 914 4668 eos
956 4605 1036 4670 ad
1079 4606 1326 4671 diversa
1353 4606 1808 4691 progredienti,
1843 4607 1954 4670 dat
1982 4607 2190 4671 calcar
2219 4627 2446 4684 unum,
