3200 5392
674 763 811 832 270
1395 781 1863 827 nmscoroaun

676 907 854 969 catos
896 900 1039 967 illos
1083 900 1384 967 dominus
1424 921 1591 986 papa
1633 906 1891 986 reputet
1938 900 2283 967 absolutos.
2378 905 2586 990 Super

677 1007 781 1072 his
824 1006 1145 1087 omnibus,
1191 1025 1335 1091 quse
1377 1005 1704 1071 dilectioni
1748 1013 1976 1072 vestrae
2019 1005 2295 1072 scribere
2339 1009 2581 1089 studui,

678 1133 882 1196 quum
909 1111 980 1175 in
1012 1110 1243 1176 scholis
1271 1109 1517 1189 vestris,
1541 1109 2041 1174 caussidicorum
2069 1131 2268 1190 more,
2292 1111 2585 1178 themata

675 1216 831 1282 inde
860 1214 1223 1295 elicueritis,
1255 1220 1322 1280 et
1357 1214 1549 1299 juxta
1576 1215 1923 1280 oratoriam
1953 1217 2052 1281 vel
2076 1215 2438 1300 legitimam
2481 1219 2582 1285 in-

678 1319 1087 1386 stitutionem
1138 1317 1620 1384 Quintilianum
1677 1319 1779 1383 vel
1837 1320 2271 1403 Papinianum
2327 1324 2581 1389 fueritis

674 1424 746 1488 in
790 1423 1188 1507 argumentis
1232 1429 1298 1487 et
1343 1422 1836 1505 allegationibus
1879 1424 2138 1503 imitati,
2169 1425 2398 1490 merita
2428 1448 2577 1491 cau-

673 1547 911 1604 sarum,
935 1547 1014 1590 ex
1040 1525 1277 1589 incude
1306 1531 1372 1590 et
1399 1526 1648 1589 malleis
1679 1526 1904 1590 vestris
1936 1527 2354 1606 exilientium,
2386 1529 2576 1594 nobis

670 1636 984 1714 tanquam
1031 1628 1463 1693 desideratum
1509 1629 1875 1694 antidotum
1919 1631 2311 1709 renunciate,
2356 1651 2573 1716 recep-

668 1734 804 1799 turi
845 1732 1258 1817 postmodum
1303 1734 1603 1816 gratiora,
1636 1740 1702 1797 et
1734 1755 1878 1818 quae
1905 1742 2181 1799 vestram
2224 1735 2572 1818 plurimum

669 1836 949 1903 debeant
993 1857 1171 1920 spem
1215 1835 1404 1914 alere,
1448 1843 1516 1900 et
1560 1836 1863 1902 fiduciam
1909 1839 2175 1923 erigere,
2205 1845 2283 1903 ut
2324 1860 2402 1906 ex
2445 1838 2572 1904 illis

665 1939 845 2006 vobis
873 1939 1033 2006 fides
1060 1940 1195 2020 fiat,
1227 1938 1378 2024 quia
1402 1938 1643 2005 vicistis
1672 1941 2013 2006 mundum.

662 2242 1106 2310 EPISTOLA
1146 2241 2027 2309 cccOLXXV.-nnnmc1
2062 2262 2265 2310 wlm.
2298 2266 2391 2309 An
2424 2267 2567 2311 Pm-

890 2367 1079 2411 OREM
1111 2366 1194 2409 m·
1225 2366 1426 2410 CONV.
1460 2366 1512 2408 S.
1547 2365 1789 2409 MARIAE
1822 2366 2347 2411 WIGORNIENSIS.

660 2497 976 2561 Henricus
1002 2497 1125 2559 Dei
1161 2497 1379 2579 qratia
1417 2496 1858 2559 Wintoniensis
1886 2498 2201 2579 episcopm
2229 2504 2291 2561 et
2319 2505 2558 2579 aposto-

745 2602 878 2664 licae
906 2600 1071 2663 sedis
1111 2601 1348 2682 leqatus
1372 2600 1586 2681 priori
1626 2606 1689 2662 et
1728 2602 2046 2665 conventui
2074 2607 2300 2665 sanctae
2328 2602 2559 2667 Mariae

752 2702 1198 2786 Wiyorniensis
1226 2703 1491 2766 ecclesiae
1518 2703 1799 2767 salutem.

740 2853 1097 2919 Mmmm
1125 2853 1408 2917 multum
1439 2853 1612 2936 quod
1642 2852 1980 2918 denarium
2019 2855 2227 2918 sancti
2265 2854 2444 2920 Petri
2480 2856 2559 2921 de

648 2957 919 3023 ecclesia
960 2963 1028 3022 et
1071 2956 1375 3041 parochia
1418 2955 1700 3020 ecclesiae
1742 2963 1965 3021 vestrae
2008 2957 2304 3022 nondum
2345 2958 2556 3024 reddi-

653 3060 855 3140 distis,
887 3081 1087 3143 quum
1127 3058 1208 3123 ab
1247 3057 1548 3124 omnibus
1579 3059 1886 3142 episcopis
1918 3060 2274 3125 secundm
2302 3063 2556 3127 condic-

651 3171 797 3229 tum
862 3162 942 3227 iis
1007 3163 1362 3228 terminum
1414 3162 1552 3246 jam
1614 3171 1764 3227 eum
1823 3163 2267 3247 receperimus
2359 3166 2555 3231 Unde

648 3266 1031 3332 mandamus
1075 3265 1254 3332 vobis
1314 3273 1379 3331 et
1438 3265 1786 3349 apostolica
1837 3265 2219 3332 auctoritate
2266 3270 2554 3355 praecipi-

647 3392 813 3452 mus,
844 3377 922 3436 ut
963 3370 1116 3436 visis
1156 3370 1358 3436 literis
1400 3370 1541 3435 istis
1584 3370 1757 3433 infra
1799 3369 2168 3452 quindecim
2212 3370 2348 3436 dies
2393 3395 2567 3438 eun-i

647 3474 797 3540 dem
838 3473 1015 3539 beati
1056 3473 1236 3539 Petri
1279 3473 1616 3538 denarium
1653 3472 2061 3537 Wintoniam
2103 3474 2396 3555 mittatis,
2435 3482 2549 3541 aut

644 3598 730 3643 ne
760 3578 991 3644 exinde
1017 3577 1090 3643 in
1119 3577 1384 3643 ecclesia
1409 3578 1510 3642 vel
1548 3577 1851 3662 parochia.
1877 3582 2088 3641 vestra
2116 3577 2403 3642 divinum
2431 3579 2548 3643 fiat

644 3681 945 3761 officium,
974 3682 1438 3761 interdicimus,
1469 3688 1737 3765 excepto
1764 3680 1996 3751 viatico
2038 3687 2105 3745 et
2147 3679 2542 3764 baptisterio.

639 3783 957 3868 Episcopo
1014 3785 1191 3848 enim
1247 3792 1459 3849 vestro
1516 3791 1583 3849 et
1643 3784 2115 3869 archiepiscopo
2173 3782 2548 3849 absentibus

641 3908 778 3952 non
804 3886 1118 3952 habemus
1150 3886 1279 3951 nisi
1315 3908 1427 3953 vos
1467 3887 1701 3972 quibus
1742 3888 1821 3955 de
1860 3888 1982 3954 hac
2019 3908 2092 3955 re
2130 3887 2406 3954 scribere
2436 3886 2545 3953 de-

638 3990 926 4057 beamus.
985 3988 1245 4056 Valete..

3173 78 3188 148 ¹.
