3200 5392
734 797 864 863 258
1299 815 1589 862 Joxxms
1625 816 2096 865 mouvasls

732 956 991 1000 morum
1034 940 1102 1001 et
1145 955 1489 1001 causarum
1530 935 1886 1017 diversitas,
1916 936 2052 1003 imo
2090 944 2266 1004 certe
2306 940 2654 1007 adversitas

732 1040 805 1105 in
842 1061 1053 1105 unum
1092 1039 1391 1104 trahatur
1430 1059 1838 1105 consensum.
1930 1041 2085 1106 Una
2127 1041 2291 1106 mihi
2333 1043 2439 1109 via
2479 1045 2652 1128 pacis

735 1150 801 1209 et
832 1142 1466 1228 compendiosissima
1505 1152 1572 1208 et
1612 1148 1751 1206 tam
1790 1141 1969 1207 vobis
2010 1165 2204 1226 quam
2242 1145 2382 1228 regi
2420 1145 2651 1210 hones-

731 1247 982 1312 tissima
1031 1246 1378 1326 videretur,
1422 1252 1499 1311 ut
1550 1253 1876 1310 certarum
1927 1251 1995 1310 et
2046 1267 2402 1330 paucarum
2453 1254 2650 1312 stare-

735 1350 823 1416 tis
871 1350 1139 1416 arbitrio
1182 1369 1640 1433 personatuum
1687 1369 1961 1431 quarum
2006 1348 2115 1413 ille
2161 1372 2304 1434 quae
2349 1370 2429 1415 ex
2470 1357 2653 1435 parte

733 1460 946 1519 vestra
1004 1460 1220 1518 essent
1287 1451 1369 1517 de
1435 1471 1640 1534 regno
1697 1451 1799 1515 vel
1865 1457 2190 1534 potestate
2246 1453 2447 1536 ipsius
2516 1475 2650 1517 non

734 1562 971 1622 essent.
1062 1554 1374 1639 Alioquin
1429 1553 1558 1617 nisi
1613 1553 1686 1617 in
1745 1552 1948 1637 digito
2008 1555 2134 1619 Dei
2191 1577 2325 1619 non
2381 1577 2644 1638 possum

730 1659 966 1725 harum
1008 1665 1108 1724 tot
1153 1664 1220 1723 et
1264 1664 1405 1722 tam
1447 1655 1905 1740 multiplicium
1944 1657 2189 1722 exitum
2229 1657 2445 1722 metiri
2483 1658 2646 1722 diffi-

732 1763 1077 1829 cultatum.
1156 1759 1293 1824 Sub
1323 1760 1519 1844 hujus
1550 1766 1770 1825 autem
1800 1759 1977 1844 pacis
2005 1767 2344 1844 praetexui,
2374 1761 2646 1845 possetis

733 1865 956 1929 statim
995 1885 1145 1929 cum
1184 1864 1523 1929 honestate
1564 1862 1821 1942 reverti,
1854 1869 1921 1927 et
1962 1863 2354 1928 arbitrorum
2388 1870 2646 1928 senten-

730 1967 892 2033 tiam
938 1967 1011 2031 in
1061 1966 1326 2032 ecclesia
1371 1972 1584 2031 vestra
1631 1973 1989 2049 expectare.
2083 1964 2305 2050 Hujus
2351 1988 2500 2032 vero
2548 1967 2644 2031 in-

734 2092 989 2155 gressus
1040 2069 1236 2135 vestri
1290 2069 1532 2134 multas
1583 2068 1748 2132 mihi
1799 2068 2012 2133 videre
2061 2068 2284 2134 videor
2334 2070 2650 2135 utilitates

732 2175 929 2240 etiam
961 2173 1016 2238 si
1043 2195 1146 2238 res
1178 2178 1473 2256 optatum
1503 2192 1640 2235 non
1671 2170 2009 2236 sortiretur
2046 2173 2372 2237 effectum.
2445 2174 2650 2237 'Inter

732 2286 948 2345 cetera
976 2278 1242 2365 quidem
1271 2278 1444 2362 quod
1473 2278 1770 2342 coexules
1808 2282 2070 2356 vestros,
2105 2299 2264 2361 quos
2309 2278 2509 2342 semel
2549 2277 2648 2340 in-

731 2382 1198 2460 troduxissetis,
1252 2381 1491 2445 iterum
1542 2380 1860 2463 expellere
1915 2380 2436 2459 confunderetur,
2497 2380 2651 2445 licet

731 2504 842 2553 vos
879 2484 1060 2567 justa
1089 2483 1375 2566 qualibet
1413 2504 1608 2547 causa
1637 2483 2024 2547 excluderet.
2115 2483 2212 2546 Ut
2257 2483 2432 2545 enim
2477 2503 2647 2546 asse-

730 2592 888 2650 runt
921 2587 1033 2670 qui
1071 2586 1151 2651 (le
1194 2586 1333 2669 ejus
1370 2585 1764 2651 conscientia
1791 2586 1916 2651 hoc
1946 2586 2155 2650 dicere
2182 2584 2518 2649 videntur:
2566 2585 2648 2650 de

729 2689 989 2754 illorum
1025 2690 1232 2774 magis
1273 2712 1470 2774 quam
1514 2690 1594 2755 de
1636 2696 1849 2754 vestra
1889 2688 2327 2754 eliminatione
2372 2687 2645 2752 confun-

735 2793 934 2858 ditur.
1025 2793 1161 2858 Vos
1193 2793 1369 2858 enim
1397 2799 1713 2877 tanquam
1744 2799 1994 2876 sponte,
2026 2797 2102 2855 ut
2134 2791 2361 2856 asserit
2391 2790 2645 2871 existis3

724 2897 822 2961 illi
867 2897 1163 2961 nolentes
1206 2896 1396 2962 inviti
1449 2903 1516 2961 et
1567 2897 1810 2978 absque
1858 2915 2069 2959 causae
2118 2894 2498 2978 cognitione
2542 2916 2647 2958 ex-

727 3000 898 3084 pulsi
941 3006 1115 3065 sunt.
1205 3001 1528 3064 Praeterea
1573 2999 1726 3083 quia
1768 2998 2043 3065 forsitan
2085 2997 2185 3061 illi
2220 2999 2360 3082 jam
2401 2998 2648 3062 vexatio

726 3102 1130 3168 intellectum
1180 3103 1358 3168 dedit
1390 3128 1402 3167 :
1452 3103 1730 3187 gratiam
1772 3102 1952 3167 vobis
1996 3101 2070 3165 in
2114 3102 2316 3166 oculis
2364 3102 2504 3186 ejus
2548 3101 2648 3169 in.-

727 3227 983 3290 gressus
1039 3206 1164 3272 iste
1221 3207 1544 3291 pacificus,
1607 3206 1847 3290 quique
1903 3204 2002 3268 illi
2058 3204 2459 3275 inhonestus*
2508 3225 2643 3275 non

726 3316 914 3391 esset,
959 3316 1215 3396 pararet
1255 3318 1321 3376 et
1365 3316 1640 3395 pareret.
1730 3306 1991 3374 Dicitur
2021 3310 2198 3374 enim
2230 3310 2462 3392 saepius
2491 3331 2643 3375 con-

728 3415 929 3496 queri,
963 3415 1135 3499 quod
1177 3413 1357 3479 omni
1400 3421 1577 3479 certo
1623 3414 1934 3496 firmoque
1978 3412 2246 3477 consilio
2292 3412 2641 3476 destitutus

725 3517 831 3597 sit,
863 3519 1162 3601 quodque
1192 3539 1384 3601 super
1410 3518 1533 3596 his,
1567 3540 1713 3601 quae
1754 3519 1827 3582 in
1855 3517 2096 3581 Wallia
2140 3517 2202 3581 ei
2246 3515 2639 3595 acciderunt,

728 3642 923 3704 supra
950 3621 1217 3687 modum
1247 3621 1573 3701 confusus,
1598 3622 1738 3705 jam
1769 3621 1850 3686 de
1884 3620 2345 3685 substitutione
2381 3618 2500 3682 filii
2538 3619 2643 3683 sui

726 3725 987 3806 cogitet.
1079 3725 1266 3789 Circa
1310 3724 1487 3790 hunc
1534 3725 1883 3790 articulum
1923 3744 2124 3807 quum
2161 3722 2354 3787 modo
2396 3720 2638 3789 Turon.

727 3824 1032 3905 venirem,
1076 3827 1277 3910 Hugo
1320 3827 1482 3890 mihi
1526 3827 1608 3890 de
1657 3834 1882 3893 sancta
1922 3826 2161 3891 Maura
2200 3825 2506 3910 pleraque
2545 3847 2644 3891 se-

727 3927 964 3992 cretius
995 3926 1157 3992 dixit
1180 3952 1200 4007 ς
1248 3950 1392 4011 quae
1419 3930 1839 4012 praesentium
1868 3928 2061 3997 latori
2090 3927 2354 3993 auribus
2381 3935 2645 3995 tantum

725 4030 953 4096 vestris
1002 4032 1380 4098 instillanda
1426 4034 1736 4113 commisi,
1786 4034 1955 4098 sicut
2007 4039 2077 4098 et
2127 4034 2434 4118 pleraque
2483 4033 2646 4112 alia3

723 4140 872 4200 tum
915 4135 1064 4221 quia
1106 4158 1241 4202 non
1288 4158 1405 4221 per
1448 4137 1669 4202 omnia
1714 4136 1924 4201 verbis
1971 4135 2099 4200 illis
2150 4136 2348 4201 fidem
2396 4136 2644 4202 habeo:

723 4246 870 4317 tum
914 4240 1063 4325 quia
1105 4240 1326 4324 scripti
1368 4238 1701 4323 prolixitas
1754 4245 1819 4304 et
1872 4239 2288 4321 negotiorum
2330 4239 2644 4324 multipli-

723 4343 885 4407 citas
914 4365 1034 4407 nos
1064 4343 1283 4408 omnia
1311 4340 1588 4406 scribere
1632 4342 2065 4426 prohibebant
2110 4348 2177 4407 et
2222 4341 2479 4407 utinam
2521 4343 2642 4406 hu-

720 4445 1006 4529 jusmodi
1037 4447 1309 4513 nuncios
1341 4446 1423 4511 ad
1452 4467 1572 4512 nos
1601 4446 1898 4526 mittatis,
1933 4447 2085 4531 quia
2125 4453 2193 4512 et
2233 4447 2476 4531 absque
2506 4468 2642 4513 sus-2
