3200 5392
784 719 916 783 288
1430 740 1723 785 nemum
1759 741 1816 784 11
1849 739 2042 785 arms

841 1066 1286 1131 EPISTOLA
1331 1066 2398 1132 OCCCLXXXVIII.—nnnn1c1
2434 1088 2632 1132 naeus

1175 1189 1380 1233 Emer.
1417 1191 1507 1233 AD
1540 1189 2018 1234 ALEXANDRUM
2052 1190 2306 1235 PAPAE.

796 1320 1144 1383 Venerabili
1158 1321 1342 1402 patri
1368 1340 1717 1406 summoque
1731 1320 2023 1402 pontifici
2048 1321 2430 1399 Alexandr-0,
2455 1321 2691 1385 Henri-

870 1444 978 1487 cus
1026 1444 1142 1488 rex
1185 1424 1450 1506 Anyliae,
1491 1425 1621 1487 dux·
1665 1425 2071 1504 Nomannice
2116 1431 2177 1488 et
2216 1425 2589 1506 Aquitania»,
2631 1430 2694 1487 et

868 1547 1066 1591 comes
1092 1526 1488 1609 Andeyaviae,
1519 1527 1780 1591 salutem
1811 1534 1871 1592 et
1901 1528 2168 1591 debitam
2196 1528 2665 1591 venerationem

872 1677 948 1740 81
974 1677 1327 1742 devotionis
1356 1699 1536 1757 meae,
1560 1685 1763 1762 pater,
1796 1699 1951 1762 erga
1980 1678 2387 1743 sanctitatem
2408 1682 2687 1740 vestram

780 1779 1291 1864 experimentum
1321 1781 1626 1865 quaeritis,
1651 1789 1718 1846 et
1748 1803 1892 1866 quae
1918 1782 1991 1846 in
2012 1788 2239 1846 vestrae
2266 1779 2687 1865 promotionis

777 1883 966 1948 initio
994 1884 1077 1948 ad
1106 1883 1417 1949 honorem
1446 1891 1732 1949 vestrum
1772 1885 2049 1950 fideliter
2078 1908 2116 1949 a
2145 1906 2251 1949 me
2290 1891 2472 1968 gesta
2511 1892 2685 1961 sunt,

777 1987 992 2072 elapsa
1018 1987 1289 2052 forsitan
1319 2009 1358 2052 a
1384 1990 1697 2054 memoria
1724 2011 1859 2054 non
1887 1988 2143 2068 tenetis,
2167 1988 2238 2051 id
2266 1988 2495 2052 saltem
2519 1987 2689 2071 quod

665 2083 674 2102 ²
777 2091 1084 2157 mandato
1113 2098 1324 2156 vestro
1369 2113 1408 2155 a
1450 2113 1556 2156 me
1600 2114 1810 2176 nuper
1853 2092 2089 2157 effectu
2131 2091 2523 2175 completum
2568 2099 2686 2170 est,

774 2216 999 2279 precor
1037 2202 1113 2260 ut
1150 2216 1284 2279 prae
1329 2196 1528 2259 oculis
1571 2196 1882 2275 habeatis,
1916 2203 1981 2260 et
2027 2195 2430 2260 devotionem
2476 2216 2687 2258 meam

774 2319 929 2382 erga
955 2320 1065 2363 vos
1095 2320 1173 2363 ex
1206 2299 1346 2382 ipsa
1383 2299 1513 2363 mei
1554 2299 1762 2383 operis
1807 2299 2168 2365 attentione
2211 2298 2685 2383 plenissime,·si

773 2401 1004 2483 placet,
1036 2402 1365 2466 advertere
1396 2403 1817 2486 cognoscatis.
1869 2401 2160 2468 Hostem
2191 2402 2363 2467 enim
2399 2401 2556 2465 mihi
2585 2402 2683 2464 in-

774 2503 1191 2568 festissimum
1229 2505 1302 2567 in
1342 2527 1562 2570 meum
1603 2513 1670 2570 et
1705 2527 2017 2586 meorum,
2051 2506 2226 2589 quod
2260 2505 2446 2584 absit,
2479 2512 2686 2569 exter-

772 2605 1048 2669 minium
1077 2613 1217 2671 tota
1252 2629 1370 2672 sua
1397 2609 1821 2692 possibilitate
1854 2609 2426 2694 promptissimum,
2459 2607 2683 2671 seden-

770 2715 907 2772 tem
956 2708 1117 2772 mihi
1166 2731 1416 2793 semper
1461 2711 1533 2774 in
1582 2711 1832 2775 insidiis
1883 2719 1961 2776 ut
2011 2712 2421 2777 machinetur
2465 2712 2535 2775 in
2578 2731 2683 2775 me

769 2811 1035 2891 malum,
1067 2814 1172 2877 cui
1202 2814 1556 2890 convivere,
1580 2821 1659 2878 ut
1688 2836 1970 2899 praesens
1998 2815 2243 2880 indicat
2274 2836 2480 2894 casus,
2510 2835 2681 2877 mors

769 2915 932 2979 mihi
961 2923 1078 2995 est,
1103 2917 1172 2980 in
1203 2938 1404 3000 regno
1433 2917 1804 2982 cohabitare
1833 2918 2144 2998 confusio,
2168 2919 2345 2982 hunc
2374 2915 2680 2981 mandato

770 3026 979 3083 vestro
1008 3020 1233 3084 vestris
1275 3042 1378 3085 me
1407 3027 1624 3086 totum
1657 3020 2074 3084 substernens
2103 3019 2374 3103 pedibus
2413 3019 2484 3082 in
2524 3038 2679 3101 pace

768 3123 1036 3206 suscepi,
1069 3130 1136 3187 et
1166 3124 1246 3188 de
1280 3124 1483 3188 latere
1529 3145 1674 3187 meo
1720 3124 2028 3187 ducatum
2062 3122 2183 3187 sibi
2212 3122 2571 3208 providenS,
2603 3127 2679 3184 ut

768 3246 918 3290 cum
961 3247 1118 3311 pace
1150 3226 1572 3292 deduceretur
1602 3227 1685 3291 ad
1721 3227 1977 3312 propria
2018 3226 2286 3290 sollicite
2323 3224 2676 3311 procuravi.

769 3327 934 3394 Quae
963 3330 1272 3394 nimirum
1309 3352 1434 3414 pax
1473 3352 1610 3394 non
1641 3330 1849 3394 solum
1891 3329 2032 3409 sibi,
2065 3328 2180 3393 sed
2208 3335 2275 3393 et
2315 3329 2448 3392 suis
2484 3328 2676 3412 plene

767 3452 1069 3497 concessa
1116 3439 1236 3513 est,
1290 3441 1358 3499 et
1408 3434 1706 3497 homines
1762 3432 1872 3517 qui
1922 3454 2099 3496 meas
2151 3431 2402 3516 jamdiu
2451 3451 2676 3494 carnes

767 3535 1001 3599 amaris
1041 3543 1114 3600 ut
1158 3536 1248 3599 sic
1284 3535 1513 3616 dicam,
1550 3535 1871 3600 morsibus
1914 3534 2193 3599 lacerare
2235 3555 2371 3597 non
2414 3531 2675 3596 destite-

764 3646 942 3718 runt,
976 3639 1087 3723 qui
1127 3660 1245 3723 per
1283 3640 1505 3705 orbem
1545 3640 1975 3705 discurrentes
2019 3637 2314 3702 sinistris·
2334 3636 2673 3699 adversum

765 3760 893 3803 me·
915 3740 1255 3803 mundum-
1277 3741 1645 3806 rumoribus
1687 3743 2136 3826 impleverunt,
2166 3740 2238 3803 in
2280 3760 2483 3823 regno
2525 3759 2672 3803 meo

765 3863 917 3906 cum
960 3863 1115 3925 pace
1160 3844 1426 3927 suscepi,
1464 3844 1735 3908 sollicite
1778 3844 2115 3927 providens
2159 3863 2245 3906 ne
2285 3841 2675 3906 laederentur

651 3945 656 3950 ’
765 3945 846 4009 ab
876 3945 978 4012 his
1009 3967 1166 4029 quos
1195 3946 1513 4025 laeserant,
1545 3968 1631 4011 ne
1671 3945 1751 4010 ab
1781 3946 1883 4009 his
1914 3967 2073 4029 quos
2102 3943 2540 4022 offenderant,
2560 3943 2671 4006 ali-

765 4048 921 4133 quid
950 4050 1214 4114 omnino
1242 4050 1512 4114 moleste
1553 4051 1966 4114 sustinerent.
2059 4047 2419 4133 Oportebat
2454 4046 2671 4129 itaque

764 4154 1174 4218 sanctitatem
1220 4161 1500 4218 vestram
1546 4162 1747 4238 pater,
1798 4160 1865 4217 et
1915 4153 2075 4217 mihi
2121 4152 2540 4236 prospexisse,
2585 4169 2671 4211 ne

761 4258 1008 4323 malum
1035 4259 1199 4323 mihi
1224 4280 1342 4343 pro
1369 4258 1541 4322 bono
1571 4257 1969 4334 redderetur,
1999 4277 2086 4320 ne
2113 4255 2187 4318 in
2217 4256 2356 4340 ejus
2388 4253 2670 4318 adventu

761 4363 868 4425 cui
905 4384 1130 4447 pacem
1166 4362 1487 4442 dederam,
1519 4368 1585 4426 et
1623 4383 1816 4445 quem
1854 4382 2003 4424 cum
2048 4380 2205 4443 pace
2243 4376 2666 4441 susceperam,
