3200 5392
703 746 831 807 242
1428 761 1841 806 Emscoronu
1854 764 1902 805 M

703 880 913 942 larum
965 876 1410 941 inventoribus
1458 897 1591 940 non
1641 877 1988 941 existamus
2032 877 2294 960 ingrati,
2340 898 2613 961 quorum

706 980 936 1045 merito
967 979 1208 1064 aliquid
1236 979 1583 1044 detraxisse
1607 980 1947 1058 videbitur,
1974 980 2261 1064 quisquis
2292 1001 2371 1044 ex
2397 981 2614 1043 minus

706 1081 984 1147 evidenti
1029 1082 1412 1146 necessitate
1456 1081 1713 1144 illorum
1758 1082 1858 1144 uti
1903 1083 2240 1145 cessaverit
2284 1082 2614 1146 beneficio,

708 1185 852 1249 Nec
897 1182 1544 1266 praetermittendum,
1595 1182 1769 1266 quod
1816 1183 1896 1246 de
1947 1183 2469 1265 deprehensionis
2518 1183 2616 1245 in-

703 1288 876 1372 juria
905 1287 1123 1349 nullus
1155 1306 1270 1368 per
1300 1285 1424 1348 Dei
1461 1285 1734 1367 gratiam
1777 1283 2337 1349 internunciorum
2368 1291 2616 1348 nostro-

707 1410 852 1452 rum
900 1388 1108 1451 adhuc
1158 1388 1464 1470 conqueri
1504 1393 1735 1470 potest.
1826 1386 1987 1450 Esto
2030 1394 2272 1464 tamen,
2315 1393 2401 1465 et,
2447 1386 2616 1470 quod

712 1492 897 1569 absit,
945 1490 1413 1573 deprehensum
1460 1489 1739 1572 aliquem
1783 1489 2045 1552 interim
2092 1511 2427 1572 ponamuS,
2476 1489 2616 1571 quis

709 1600 883 1658 recte
928 1592 1251 1674 indignari
1295 1592 1548 1674 poterit,
1582 1592 1635 1654 si
1680 1591 1842 1670 illas,
1877 1613 2019 1675 quae
2064 1591 2343 1655 ecclesiae
2381 1591 2506 1654 Dei
2552 1599 2618 1653 et

712 1695 898 1760 nobis
927 1696 1114 1772 fiunt,
1140 1694 1222 1757 ad
1245 1695 1627 1758 alterutrum
1653 1693 2058 1776 deploramus
2079 1692 2392 1777 injurias?
2456 1692 2619 1758 Quis

715 1800 1093 1882 vapulantes
1125 1804 1192 1860 et
1220 1798 1462 1880 injusta
1501 1817 1721 1879 passos
1759 1798 1912 1861 flere
1946 1796 2355 1880 prohibebit?
2430 1796 2620 1860 Nun-

717 1903 868 1986 quid
914 1901 987 1965 in
1033 1900 1323 1964 maxillas
1370 1906 1625 1964 nostras
1675 1900 2022 1985 lachrymae
2073 1907 2314 1964 nostrae
2360 1900 2625 1984 impune

717 2004 1154 2069 descendent?
1231 2001 1534 2087 Denique
1580 2003 1778 2066 etiam
1822 2003 2009 2067 nobis
2060 2003 2327 2067 omnino
2379 2024 2626 2068 cessan-

717 2107 913 2185 tibus,
967 2112 1033 2170 et
1080 2126 1200 2169 nec
1246 2125 1399 2169 voce
1443 2125 1562 2168 nec
1615 2106 1850 2188 scripto
1904 2105 2146 2189 aliquid
2194 2105 2628 2190 interloquen-

717 2211 893 2275 tibus
940 2208 1313 2292 imponitur,
1365 2207 1537 2290 quod
1581 2214 1648 2270 et
1693 2229 1812 2271 nos
1855 2215 2088 2286 vestro,
2143 2216 2210 2272 et
2254 2231 2365 2273 vos
2410 2216 2627 2273 nostro

723 2311 942 2377 omnia
991 2311 1254 2375 consilio
1306 2309 1646 2393 peragatis.
1740 2310 1934 2375 Quod
1983 2311 2078 2374 ita
2127 2333 2352 2375 verum
2404 2319 2518 2389 est,
2573 2312 2626 2374 si

724 2414 899 2478 idem
952 2415 1213 2496 spiritus
1265 2412 1514 2476 consilii
1571 2412 1833 2495 utrique
1890 2414 2180 2496 inspirat,
2236 2420 2308 2476 ut
2365 2414 2628 2496 impres-

725 2518 955 2595 sioneS,
989 2538 1146 2599 quas
1178 2516 1453 2599 peccatis
1493 2516 1732 2579 nostris
1773 2516 2175 2599 exigentibus
2214 2514 2399 2579 nobis
2431 2522 2495 2578 et
2525 2536 2627 2579 ec-

726 2619 933 2683 clesiae
976 2616 1107 2681 Dei
1149 2617 1372 2681 inferri
1417 2618 1726 2697 videmuS,
1774 2619 2216 2702 aequanimiter
2258 2638 2394 2681 non
2440 2617 2630 2680 susti-

727 2742 1015 2786 neamus.
1111 2721 1180 2783 Si
1224 2720 1399 2783 enim
1440 2720 1569 2785 Dei
1612 2722 1894 2785 ministri
1939 2743 2180 2800 sumus,
2225 2721 2364 2784 haec
2406 2721 2632 2804 utique

727 2822 1074 2902 communi,
1127 2823 1196 2886 id
1244 2831 1359 2902 est,
1410 2823 1624 2887 divino
1674 2830 2140 2906 pertractamus
2192 2824 2473 2902 consilio,
2528 2823 2637 2906 qui

727 2927 1147 2992 demolientes
1211 2927 1461 2990 vineam
1521 2926 1787 2990 Domini
1850 2926 2135 2991 Sabaoth
2197 2927 2378 2991 siccis
2437 2926 2635 2992 oculis

729 3052 863 3093 non
900 3029 1209 3106 videmus,
1257 3029 1369 3111 qui
1411 3030 1671 3092 ruinam
1708 3029 1936 3093 domus
1976 3029 2228 3093 Israhel
2274 3030 2500 3092 saltem
2543 3029 2634 3092 la-

729 3132 1140 3216 chrymantes
1174 3132 1640 3215 prosequimur.
1730 3132 1917 3195 Licet
1959 3133 2135 3195 enim
2175 3154 2296 3196 nos
2333 3154 2468 3197 non
2506 3132 2635 3209 illa,

730 3257 856 3319 qua
914 3242 1087 3298 certe
1148 3233 1546 3312 deberemus,
1600 3235 2074 3317 perseverantia
2132 3237 2648 3317 opposuerimus,-

727 3338 879 3401 licet
909 3336 1202 3401 nondum
1231 3358 1435 3419 usque
1476 3337 1559 3400 ad
1595 3337 1977 3419 sanguinem
2013 3338 2455 3415 restiterimus,
2486 3337 2639 3399 licet

732 3442 942 3504 multa
968 3461 1084 3523 pro
1115 3440 1420 3521 temporis
1464 3439 2011 3518 incommoditate,
2043 3447 2109 3503 et
2148 3441 2369 3504 matris
2403 3445 2638 3502 nostrae

735 3549 975 3606 sanctae
1021 3543 1330 3604 Romanae
1375 3542 1657 3605 ecclesiae
1701 3542 1974 3605 scissura
2017 3539 2657 3617 dissimulaverimus,

736 3666 926 3707 nemo
974 3650 1193 3706 tamen
1241 3664 1354 3725 per
1407 3645 1677 3725 gratiam
1727 3644 1853 3708 Dei
1904 3645 2112 3709 dicere
2161 3643 2416 3725 poterit,
2467 3642 2641 3724 quod

737 3765 958 3807 eorum
1005 3743 1216 3807 adhuc
1269 3746 1877 3810 comminationibus
1923 3746 2315 3820 cesserimuS,
2363 3751 2478 3808 aut
2520 3744 2639 3806 im-

738 3845 993 3929 pietatis
1041 3846 1321 3908 consiliis
1370 3850 1916 3914 consenserimus:
1972 3851 2129 3935 quin
2176 3855 2436 3932 accepta
2481 3854 2644 3912 tem-

738 3947 911 4031 poris
956 3948 1455 4030 opportunitate,
1490 3973 1632 4034 quae
1677 3973 1859 4015 secus
1904 3962 2049 4018 acta
2094 3959 2267 4032 sunt,
2310 3958 2376 4017 et
2421 3973 2647 4016 evacu-

744 4048 839 4114 ari
884 4050 1152 4133 possint,
1204 4050 1286 4113 ad
1340 4052 1563 4115 eadem
1613 4054 1981 4118 evacuanda
2028 4055 2230 4118 libere
2282 4075 2398 4116 nos
2449 4053 2648 4116 inter-

741 4174 980 4238 ponere
1040 4154 1381 4218 valeamuS.
1490 4156 1632 4219 Deo
1703 4156 1876 4220 enim
1947 4157 2346 4221 incessanter
2414 4156 2653 4238 gratias

747 4255 975 4335 refer0,
1010 4257 1199 4339 quod,
1234 4258 1399 4320 sicut
1442 4278 1520 4319 ex
1561 4259 1832 4322 aliorum
1872 4259 2002 4322 fida
2039 4260 2353 4324 relatione
2383 4266 2448 4322 et
2478 4280 2655 4322 nunc

750 4380 830 4423 ex
859 4358 1214 4424 testimonii
1243 4360 1438 4424 vestri
1468 4360 1593 4423 fide
1625 4362 1976 4425 certissime
2005 4369 2217 4441 teneo,
2252 4362 2661 4427 detestabiles
