3200 5392
534 850 666 893 A.D.
708 826 1103 913 nol—89]
1195 843 1529 892 EPISTOLAE
1558 844 1876 894 QUAEDAM.
2312 830 2437 891 159

534 965 847 1041 debitum,
894 964 965 1027 in
1010 971 1340 1046 posterum
1386 958 1595 1027 valeat
1646 961 1997 1036 infirmari3
2055 961 2180 1026 hoe
2222 961 2436 1045 ipsum

534 1068 772 1150 scripto
822 1073 1045 1130 nostro
1088 1064 1625 1130 confirmavimus.
1719 1062 1828 1130 Tu
1877 1085 2129 1148 quoque
2180 1064 2233 1128 si
2276 1086 2434 1147 prae-

534 1192 680 1234 sens
710 1176 962 1234 nostras
992 1166 1255 1233 vidisses
1285 1166 1641 1249 angustias,
1671 1173 1931 1249 gratum
1961 1166 2232 1234 haberes
2262 1167 2436 1250 quic-

535 1272 692 1357 quid
737 1272 877 1336 fieri
912 1271 1159 1335 videres
1198 1291 1316 1353 pro
1363 1275 1586 1336 nostra
1626 1270 1849 1348 salute,
1882 1276 2169 1340 nostram
2213 1271 2438 1338 malles

535 1376 818 1440 animam
859 1373 1135 1452 liberari,
1179 1394 1373 1457 quam
1411 1373 1492 1437 de
1534 1372 1834 1456 peccatis,
1864 1372 2278 1442 damnatione
2321 1395 2437 1438 no-

533 1487 686 1559 stra,
718 1480 1076 1563 pecuniam,
1108 1478 1360 1543 divitias
1388 1478 1676 1544 infinitas
1706 1477 2051 1561 acquirere,
2142 1477 2309 1544 Inde
2338 1485 2437 1542 est

535 1584 705 1668 quod
733 1591 803 1648 te
831 1584 917 1648 ad
941 1605 1235 1667 praesens.
1248 1582 1320 1646 in
1348 1582 1683 1648 vexatione
1720 1581 1916 1664 hujus
1955 1581 2175 1648 auxilii
2213 1582 2437 1648 audire

532 1708 667 1751 non
694 1708 1053 1770 possumus,
1086 1687 1225 1752 sine
1257 1685 1514 1750 laesione
1542 1684 1696 1763 voti,
1727 1684 1951 1750 salutis
1991 1692 2229 1750 nostroe
2269 1685 2435 1768 peri-

535 1790 699 1854 culo.
792 1790 921 1853 Sed
972 1790 1026 1853 si
1076 1790 1251 1854 Deus
1298 1788 1484 1853 nobis
1525 1787 1725 1854 vitam
1777 1786 2046 1865 dederit,
2072 1788 2436 1871 *sanitatem

535 1914 730 1975 quam
775 1892 1070 1955 nondum
1119 1892 1285 1955 bene
1333 1891 1550 1974 adepti
1596 1912 1839 1968 sumus,
1886 1912 2215 1972 speramus
2263 1891 2435 1974 quod

536 1993 748 2056 adhuc
790 1994 884 2056 ita
927 1992 1050 2056 tibi
1090 2014 1206 2075 per
1235 2014 1502 2055 manum
1546 1999 1838 2055 nostram
1868 1993 2188 2056 Dominus
2229 1995 2437 2078 provi-

536 2095 733 2173 debit,
768 2094 938 2177 quod
977 2095 1217 2158 talibus
1258 2085 1393 2157 non
1442 2094 1659 2178 egebis
1703 2095 1971 2173 auxiliis,
2004 2096 2242 2177 gratias
2288 2118 2438 2178 ages

535 2197 843 2277 Domino,
867 2198 1041 2281 quod
1070 2220 1109 2261 a
1137 2198 1308 2268 mala
1336 2197 1804 2270 consuetudine
1831 2219 2014 2266 suam
2042 2198 2438 2281 temporibus

534 2301 762 2365 vestris
792 2301 1152 2365 liberaverit
1196 2300 1547 2365 ecclesiam.
1641 2301 1970 2383 Rogamus
1997 2301 2236 2383 itaque,
2268 2301 2440 2383 quod

534 2404 800 2468 fecimus
844 2411 1103 2487 gratum
1141 2404 1397 2482 habeas,
1430 2404 1577 2487 quia
1615 2404 1801 2467 nobis
1840 2426 2066 2488 parum
2109 2404 2437 2489 prodesset

533 2513 712 2572 totus
743 2507 1044 2585 mundus,
1075 2507 1130 2574 si
1158 2507 1442 2576 animam
1470 2506 1898 2591 perderemus·

630 2828 1072 2892 EPISTOLA
1115 2828 1963 2893 CCCCXVII.—musnnm
1996 2851 2088 2893 An
2123 2878 2344 2894 .....

614 3014 930 3094 Causam,
955 3038 1099 3099 quae
1123 3017 1298 3084 inter
1327 3017 1592 3084 dilectos
1620 3017 1783 3084 filios
1812 3025 2066 3084 nostros
2100 3021 2440 3086 canonicos

540 3118 1037 3196 Meritonenses,
1066 3127 1133 3183 et
1161 3120 1511 3191 monachos
1544 3120 1625 3186 de
1654 3120 1877 3188 Messa
1905 3123 2295 3204 vertebatur,
2333 3147 2438 3189 su-

538 3240 654 3302 per
681 3220 1076 3302 possessione
1102 3222 1227 3288 loci
1249 3222 1361 3304 qui
1390 3221 1627 3294 dicitur
1654 3222 1937 3290 Aoehab.
1971 3232 2036 3288 et
2066 3227 2141 3288 B.
2168 3233 2231 3290 et
2261 3227 2440 3294 dam-

537 3321 660 3400 nis,
693 3343 838 3404 quae
865 3322 987 3392 sihi
1016 3323 1306 3412 canonici
1335 3323 1771 3406 querebantur
1797 3324 1996 3402 illata,
2027 3347 2102 3392 ex
2132 3328 2442 3393 mandato

540 3424 786 3496 domini
843 3447 1039 3509 papae,
1083 3425 1471 3504 decidentes,
1516 3426 1864 3500 monachos
1914 3430 2242 3505 canonicis
2288 3451 2440 3495 con-

539 3528 1003 3606 demnavimus,
1033 3528 1102 3601 in
1130 3529 1610 3600 restitutionem
1637 3530 1886 3613 praefati
1913 3531 2057 3608 loci,
2090 3532 2174 3598 ad
2203 3533 2439 3600 damna

538 3630 659 3698 sibi
687 3632 1107 3698 resarcienda.
1164 3632 1471 3723 *Quarum
1500 3654 1820 3704 summam
1851 3654 2000 3700 cum
2028 3634 2123 3702 illi
2152 3636 2233 3700 ad
2264 3643 2437 3701 octo-

539 3736 723 3818 ginta
749 3736 1063 3815 marchas,
1095 3743 1343 3806 servata
1363 3736 1651 3814 veritate,
1682 3736 1973 3808 adhibita
1999 3738 2440 3806 moderatione

541 3840 980 3918 extenderent,
1011 3862 1129 3906 nos
1158 3840 1451 3923 partibus
1481 3840 1719 3904 nostris
1756 3840 2154 3924 interpositis
2180 3864 2324 3910 eam
2354 3844 2437 3910 ad

540 3942 605 4008 xl
655 3964 1016 4012 mrcarum
1056 3943 1430 4010 reduximus
1473 3943 1922 4028 quantitatem.
2013 3944 2265 4012 Vestrae
2315 3947 2435 4011 ita-

541 4065 666 4127 que
693 4044 1083 4112 fraternitati
1119 4047 1522 4124 mandamus,
1554 4045 1800 4114 domini
1833 4068 2015 4130 papae
2058 4049 2440 4118 auctoritate

540 4147 963 4230 praecipimus,
992 4155 1069 4212 ut
1096 4150 1405 4232 praefatos>
1432 4150 1781 4218 monachos
1814 4152 2184 4222 memoratis
2223 4152 2435 4218 fratri-

540 4247 685 4326 bus,
720 4249 857 4332 jam
909 4250 1154 4316 dictum
1189 4252 1423 4330 locum,
1467 4251 1810 4335 pecuniam
1860 4253 2211 4336 praefatam,
2258 4255 2437 4318 omni

539 4352 869 4418 occasione
906 4353 1258 4436 postposita
1298 4354 1639 4420 restituere
1666 4355 2084 4438 compellatis,
2113 4376 2197 4420 ne
2230 4356 2301 4420 in
2329 4376 2436 4418 ex-

537 4456 835 4524 ecutione
893 4455 1187 4524 mandati
1243 4457 1571 4539 apostolici
1631 4457 2041 4539 negligentiae
2098 4478 2212 4521 voe
2267 4458 2437 4539 quis-
