3200 5392
613 898 750 943 A.D.
788 877 1181 960 1161-89.]
1280 895 1611 942 EPISTOLAE
1642 896 1967 954 «ωας-ΒΑΜ.
2393 881 2518 944 139

767 1246 1206 1313 EPISTOLA
1252 1247 1890 1312 CCCC—mussan
1921 1268 2013 1316 AD
2046 1269 2357 1318 EUNDEM.

661 1401 900 1463 Thomoe
934 1398 1368 1463 Cantuariensi
1408 1398 1863 1480 archiepiscopo
1893 1399 2123 1462 Petrus
2146 1399 2477 1490 presbyter

1395 1502 1752 1564 cardinalis.

701 1652 849 1718 Pan
898 1652 1293 1722 Gunterium
1343 1651 1601 1716 fidelem
1652 1651 1968 1717 nuncium
2010 1657 2295 1742 vestrum
2347 1653 2520 1736 quod

612 1756 841 1821 melius
899 1754 1086 1819 nobis
1146 1759 1213 1818 et
1272 1753 1592 1818 salubrius
1642 1754 1850 1819 visum
1904 1754 2049 1834 fuit,
2104 1755 2521 1820 sollicitudini

610 1864 838 1922 vestrae
866 1878 1074 1941 nuper
1102 1856 1562 1940 rescripsimus.
1654 1856 1856 1921 Nunc
1896 1863 2117 1921 autem
2145 1858 2294 1922 visis
2335 1880 2516 1922 sanc-

613 1960 820 2025 titatis
848 1967 1075 2024 vestrae
1116 1958 1338 2036 literis,
1369 1959 1521 2023 licet
1561 1958 1773 2031 adhuc
1816 1959 1889 2022 in
1928 1959 2076 2030 solis
2115 1959 2323 2030 verbis
2366 1981 2518 2025 oon-

616 2063 844 2140 solatio
885 2067 1096 2125 vestra
1141 2060 1430 2123 videatur
1466 2060 1767 2143 pendere,
1813 2060 2024 2150 placet
2063 2068 2286 2125 tamen
2331 2062 2518 2127 nobis

616 2163 1000 2229 humilitatis
1028 2162 1132 2227 via
1160 2183 1353 2245 quam
1382 2162 1733 2246 incepistis,
1765 2170 1832 2226 et
1862 2164 2110 2227 consilii
2138 2165 2335 2228 vestri
2374 2186 2519 2248 pro-

615 2266 895 2349 positum
956 2264 1412 2343 collaudamuS,
1465 2271 1541 2328 ut
1600 2264 1894 2329 videlicet
1944 2265 2017 2327 in
2074 2286 2268 2329 causa
2310 2273 2523 2331 vestra

616 2390 767 2434 cum
825 2367 1004 2433 omni
1060 2366 1558 2434 mansuetudine
1617 2388 1694 2432 ac
1759 2366 2075 2450 patientia
2139 2367 2518 2452 procedatis,

615 2479 934 2557 quatenus
969 2471 1092 2536 hoc
1141 2470 1333 2535 modo
1370 2470 1590 2536 feritas
1626 2470 1907 2535 hominis
1944 2476 2205 2548 auctore
2239 2471 2522 2548 Domino

613 2581 1036 2653 mansuescat,
1089 2581 1156 2639 et
1215 2574 1299 2638 ad
1348 2574 1615 2640 meliora
1664 2575 1721 2657 ej
1729 2596 1803 2638 us
1850 2575 2104 2644 animus
2152 2574 2520 2642 inducatur.

616 2679 813 2752 Duris
853 2679 1029 2744 enim
1067 2677 1395 2743 mentibus
1438 2678 1689 2750 auferre
1725 2678 1919 2750 simul
1958 2678 2178 2756 omnia
2202 2678 2387 2746 valde
2423 2686 2522 2746 est

615 2782 887 2860 difficile,
919 2789 986 2845 et
1372 2771 1377 2776 ’

792 2884 965 2968 quod
992 2890 1228 2958 natura
1256 2889 1454 2966 negat
1482 2883 1751 2949 reddere
1780 2904 1974 2960 nemo
2001 2889 2238 2967 potest.

615 2988 717 3062 De,
767 2992 1002 3051 caetero
1059 2985 1362 3050 noveritis
1425 2985 1735 3069 propositi
1791 2986 1999 3052 nostri
2056 3006 2195 3049 esse
2260 3006 2520 3052 causam

614 3095 911 3167 vestram,
951 3089 1152 3151 immo
1195 3087 1340 3166 Dei,
1383 3095 1701 3171 quantum
1743 3109 2083 3172 possumus
2125 3108 2517 3170 promovere,

517 3227 521 3232 ·
618 3197 686 3253 et
728 3190 798 3253 in
850 3191 983 3264 acie
1031 3189 1290 3267 Christi,
1340 3210 1417 3253 eo
1465 3190 1833 3268 auxiliante,
1876 3190 2208 3256 vobiscum
2253 3190 2521 3256 viriliter
2593 3209 2598 3212 ·

618 3297 807 3356 stare.
918 3290 1245 3356 Noveritis
1302 3296 1612 3373 praeterea
1671 3291 1843 3374 quod
1902 3291 2107 3355 literis
2163 3292 2390 3368 vestris
2447 3293 2519 3355 in

616 3393 945 3458 audientia
999 3392 1293 3470 fratrum,
1353 3393 1670 3475 perlectis,
1731 3393 1811 3468 de
1869 3393 2198 3468 communi
2255 3393 2521 3466 consilio

618 3494 916 3572 dominus
945 3516 1112 3579 papa
1140 3515 1330 3569 suum
1358 3494 1536 3562 vobis
1566 3495 1841 3570 remittit
1869 3515 2267 3578 responsum·

715 3798 1157 3866 EPISTOLA
1202 3795 1961 3872 CCCCI.-rnr.onwm1
1989 3817 2084 3864 An
2114 3818 2415 3864 EUNDEM.

753 3951 992 4014 leomae
1032 3949 1469 4013 Cantuariemi
1498 3950 1955 4031 archiepiscopo
1993 3949 2393 4014 sseodwinus

1393 4052 1753 4115 cardinalis.

707 4200 921 4265 L1cn¹r
952 4202 1033 4272 de
1060 4203 1253 4270 verbo
1282 4202 1455 4288 pacis
1484 4208 1731 4281 vestrae,
1762 4201 1939 4287 quod
1967 4203 2346 4281 audivimus,
2376 4204 2519 4286 plu-

620 4303 858 4369 rimum
899 4302 1420 4383 dubitaverimus,
1459 4303 1869 4376 attendentes
1921 4295 2146 4372 eorum
2185 4304 2519 4383 malitiam,

620 4406 732 4490 qui
769 4406 907 4490 regi
953 4405 1295 4485 adsistunt,
1338 4414 1404 4472 et
1453 4408 1680 4491 lingua
1724 4406 1902 4490 loqui
1949 4413 2016 4471 et
2062 4406 2522 4472 circumvenire

613 4516 821 4575 rectos
861 4509 1052 4575 corde
1081 4516 1570 4588 consueverunt,
1603 4509 1984 4586 confidimus
2028 4515 2250 4574 tamen
2287 4508 2360 4574 in
2390 4509 2521 4574 Do-
