3200 5392
774 761 905 825 292
1421 777 1716 822 numum
1753 779 1809 821 11
1845 777 2044 822 stols

772 892 1413 980 ambiephcome,
1459 893 1987 972 Cenomanensis,
2030 891 2459 973 Redonensis,
2498 893 2687 960 Baio-

773 996 1002 1075 censis,
1039 995 1472 1075 Lexoviensis,
1504 995 2024 1062 Constantiensis
2067 1003 2135 1062 et
2182 996 2511 1081 sagiensis
2555 998 2687 1081 epi·

773 1118 1133 1182 scoporum,
1169 1097 1639 1177 Fiscannensis,
1672 1097 2032 1176 Beccensis,
2064 1098 2272 1162 sancti
2301 1099 2686 1183 Wandergi-

772 1200 896 1279 sili,
917 1199 1354 1279 cadomensis,
1372 1200 1779 1279 'Posi-nensis,
1804 1198 2219 1279 Cerceiensis,
2246 1201 2683 1281 Rievallensis,

773 1301 1358 1382 Mortuimarensis,
1388 1301 1803 1387 Tyronensis,
1835 1301 2263 1380 Belberensis,
2295 1308 2362 1366 et
2403 1324 2685 1387 quorun·

773 1404 924 1470 dam
965 1404 1236 1469 aliorum
1280 1403 1612 1483 abbatum,
1642 1424 1899 1469 necnon
1939 1410 2006 1469 et
2048 1403 2358 1469 Gauii-edi
2401 1406 2685 1471 Autisio·

774 1505 1082 1584 dorensis,
1124 1513 1195 1572 et
1246 1506 1655 1590 quorundam
1706 1505 1977 1571 aliorum
2025 1506 2469 1590 religiosorum
2518 1506 2683 1571 viro-

770 1629 940 1686 rum,
971 1607 1402 1673 concessimus
1442 1614 1597 1673 ante
1626 1608 1801 1673 dicto
1831 1607 2300 1686 cantuariensi,
2330 1607 2483 1671 licet
2520 1608 2680 1691 ipse,

773 1709 939 1774 sicut
966 1709 1145 1774 vobis
1174 1710 1505 1775 multoties
1535 1710 2052 1793 significavimus,
2084 1709 2320 1794 absque
2349 1709 2679 1773 conscien-

773 1810 870 1875 tia
897 1818 1120 1876 nostra
1146 1819 1214 1877 et
1241 1812 1569 1876 coactione
1610 1812 1827 1896 aliqua
1865 1834 1905 1877 a
1942 1833 2145 1896 regno
2185 1818 2405 1876 nostro
2434 1811 2682 1891 exierit,

773 1920 850 1979 ut
895 1914 967 1978 in
1003 1913 1177 1979 bono
1223 1922 1289 1979 et
1331 1914 1402 1979 in
1447 1935 1603 1998 pace
1649 1914 1909 1993 rediret,
1947 1922 2013 1980 et
2058 1913 2487 1997 possessiones
2534 1935 2683 1977 suas

774 2036 997 2081 omnes
1026 2017 1313 2095 haberet,
1344 2017 1511 2082 sicut
1540 2016 1771 2081 habuit
1792 2016 2053 2102 quando
2082 2037 2121 2079 a
2149 2036 2353 2099 regno
2383 2015 2598 2094 exivit,
2619 2023 2685 2081 et

773 2120 912 2205 ipse
952 2128 1019 2186 et
1055 2141 1280 2186 omnes
1309 2121 1422 2204 qui
1451 2140 1602 2185 cum
1633 2141 1709 2185 eo
1737 2120 1839 2184 vel
1881 2127 2143 2204 propter
2179 2141 2330 2183 eum
2368 2121 2684 2199 exierunt,

775 2224 858 2290 ob
887 2225 1200 2290 honorem
1231 2225 1376 2303 Dei,
1408 2231 1474 2289 et
1507 2224 1590 2289 ob
1624 2245 1908 2288 amorem
1937 2231 2242 2303 vestrum,
2276 2224 2449 2289 salva
2479 2224 2687 2308 digni-

773 2333 912 2391 tate
940 2326 1125 2410 regni
1152 2326 1378 2391 nostri}
1469 2326 1819 2410 Quumque
1854 2327 2080 2392 nuncii
2107 2328 2302 2392 vestri
2332 2348 2547 2393 coram
2581 2350 2685 2392 su-

773 2427 1078 2509 pradictis
1107 2427 1257 2492 viris
1285 2447 1664 2511 responsum
1699 2426 1822 2491 hoc
1852 2425 2093 2510 absque
2122 2427 2301 2492 omni
2329 2428 2687 2493 contradic-

773 2529 954 2594 tione
974 2530 1384 2614 recepissent,
1410 2530 1998 2595 excommunicatos
2018 2530 2180 2609 illos,
2205 2531 2318 2613 qui
2338 2537 2684 2615 praesentes

774 2639 982 2712 erant,
1032 2631 1463 2698 absolverunt.
1558 2632 1880 2697 Convenit
1931 2639 2151 2697 autem
2200 2632 2375 2697 inter
2424 2654 2564 2713 nos,
2609 2641 2686 2699 ut

775 2735 941 2806 alter
990 2755 1235 2814 eorum,
1279 2732 1594 2799 Vivianus
1647 2735 1911 2814 scilicet,
1954 2756 2073 2818 pro
2119 2736 2686 2801 excommunicatis

772 2838 902 2903 illis
954 2839 1065 2922 qui
1114 2837 1187 2902 in
1230 2838 1474 2922 Anglia
1516 2845 1723 2916 erant,
1770 2838 2172 2903 absolvendis
2218 2839 2683 2919 transfretaret,

778 2941 1130 3006 Gratianus
1174 2961 1324 3006 vero
1368 2940 1451 3005 ad
1493 2940 1689 3006 verba
1737 2940 1875 3005 haec
1926 2962 2093 3026 saepe
2136 2941 2471 3006 nominato
2514 2940 2683 3004 Can-

774 3044 1086 3108 tuariensi
1123 3045 1627 3127 transportanda
1664 3043 1924 3107 rediret.
2015 3044 2217 3108 Mane
2257 3051 2477 3109 autem
2514 3044 2685 3108 facto

775 3167 922 3211 cum
956 3146 1037 3211 ab
1077 3146 1188 3226 eis,
1221 3146 1606 3231 quibusdam
1641 3146 1919 3230 negotiis
1963 3168 2082 3211 nos
2126 3147 2553 3226 trahentibus,
2585 3167 2684 3211 ac-

775 3257 963 3334 cepta
1005 3249 1086 3314 ab
1131 3250 1223 3313 eis
1265 3249 1445 3334 prius
1487 3249 1770 3328 licentia,
1816 3248 2316 3328 recessissemus,
2363 3250 2683 3314 nescimus

774 3355 960 3438 cujus
988 3353 1323 3431 instinctu,
1354 3359 1471 3417 aut
1500 3373 1630 3437 quo
1665 3352 1916 3436 spiritu,
1948 3352 2264 3416 concessis
2304 3359 2476 3418 stare
2503 3373 2684 3417 recu-

775 3462 1098 3535 saverunt,
1142 3463 1480 3520 causantes
1523 3453 1790 3519 verbum
1843 3454 2024 3533 illud,
2069 3476 2200 3539 quo
2241 3476 2361 3520 nos
2406 3455 2683 3537 dignita-

773 3565 909 3624 tem
945 3557 1132 3642 regni
1167 3558 1371 3623 nostri
1413 3559 1654 3622 salvam
1682 3557 1820 3623 fore
1850 3557 2232 3621 dixeramus.
2325 3556 2517 3622 Quod
2543 3561 2681 3620 tam

773 3661 980 3739 nobis,
1027 3681 1221 3744 quam
1261 3659 1389 3723 illis
1442 3660 1553 3743 qui
1602 3658 1940 3724 nobiscum
1987 3658 2275 3737 aderant,
2312 3657 2495 3721 nullo
2530 3658 2681 3742 jure

775 3762 857 3827 ab
893 3762 986 3826 eis
1027 3762 1277 3826 causari
1316 3761 1549 3826 debere
1591 3759 1951 3825 videbatur.
2040 3759 2179 3824 Nos
2219 3764 2438 3823 autem
2482 3758 2680 3842 hujus

773 3864 869 3928 rei
912 3863 1141 3927 seriem
1176 3861 1259 3926 ad
1285 3868 1564 3926 vestram
1608 3863 2070 3927 conscientiam
2112 3860 2515 3926 referendam
2544 3882 2681 3926 esse

774 3965 1094 4045 duximus,
1126 3965 1207 4029 de
1236 3970 1449 4029 vestra
1490 3986 1743 4049 semper
1770 3965 2158 4030 discretione
2196 3968 2678 4048 praesumentes,

775 4070 947 4156 quod
975 4091 1087 4134 vos
1129 4068 1200 4133 in
1239 4068 1422 4134 nullo
1450 4068 1682 4134 honori
1721 4076 1944 4133 nostro
1988 4068 2297 4150 derogare
2325 4067 2551 4147 velitis,
2582 4067 2683 4131 vel

773 4174 961 4259 regni
1001 4173 1208 4240 nostri
1252 4172 1575 4255 dignitati,
1617 4171 1852 4237 obnixe
1895 4170 2231 4237 serenitati
2266 4178 2493 4235 vestrae
2535 4191 2682 4254 sup-

772 4280 1106 4363 plicantes,
1139 4283 1457 4361 quatenus
1485 4282 1739 4339 attente
1768 4275 2247 4370 considerantes
2276 4273 2589 4338 honorem
2619 4280 2685 4337 et

772 4383 1144 4462 utilitatem,
1168 4401 1361 4466 quam
1390 4377 1568 4444 vobis
1597 4384 1666 4442 et
1694 4378 1888 4443 curiae
1915 4383 2143 4443 vestrae
2172 4376 2585 4454 contulimus,
2616 4384 2681 4439 et
