3200 5392
27 78 455 94 ι-Ἷν-*Ἀ-ᾐ

742 827 874 890 294
1382 843 1674 887 nemum
1711 844 1768 887 11
1804 844 2004 888 antus

734 959 987 1046 judices
1029 965 1268 1023 sanctas
1299 960 1610 1024 Romanae
1654 960 1936 1025 ecclesiae
1979 959 2334 1026 cardinales
2374 982 2414 1025 a
2441 969 2651 1026 vestra

744 1062 1218 1145 impetraverim
1265 1062 1677 1146 paternitate,
1727 1069 1805 1126 ut
1851 1084 2042 1146 super
2093 1083 2287 1127 causa
2331 1063 2458 1128 ista
2507 1086 2654 1148 cog-

746 1173 1108 1245 noscerent,
1161 1165 1274 1231 sed
1330 1165 1571 1250 placuit
1631 1166 1960 1231 sanctitati
2017 1173 2262 1246 vestrae,
2312 1174 2384 1231 ut
2436 1167 2655 1231 adver-

748 1269 952 1333 sarius
1015 1290 1199 1333 meus
1259 1269 1647 1333 eximeretur
1706 1292 1744 1334 a
1808 1270 2195 1352 cognitione,
2255 1291 2376 1334 nec
2441 1271 2655 1354 potuit

744 1380 955 1436 vestro
982 1370 1333 1456 praepedita
1375 1378 1696 1455 praecepto
1738 1372 1811 1435 in
1852 1372 2014 1436 lucis
2043 1372 2258 1437 venire
2294 1374 2654 1438 claritatem

744 1472 1133 1538 innocentiae
1176 1472 1528 1537 sinceritas.
1623 1473 1869 1558 Saepius
1913 1475 2131 1554 etiam,
2161 1475 2360 1540 immo
2405 1495 2657 1559 semper

747 1583 1007 1660 paratus
1038 1574 1255 1640 exstiti
1294 1575 1366 1638 in
1395 1576 1557 1640 facie
1597 1576 1879 1641 ecclesiae
1910 1577 2047 1661 juri
2080 1586 2146 1641 et
2177 1576 2422 1660 judicio
2462 1585 2652 1656 stare,

736 1680 802 1742 si
845 1678 945 1742 vel
988 1678 1058 1742 in
1101 1677 1371 1741 minimo
1415 1677 1846 1761 deliquissem,
1885 1680 2059 1764 quod
2108 1700 2210 1743 me
2253 1679 2476 1743 fecisse
2518 1702 2656 1744 non

747 1781 973 1860 recoln,
1005 1788 1197 1864 prout
1243 1780 1410 1844 ratio
1450 1779 1724 1846 dictaret
1765 1782 2146 1862 satisfacere,
2179 1789 2244 1846 et
2282 1781 2473 1865 longe
2521 1804 2654 1845 am-

748 1886 914 1968 plius
959 1906 1152 1967 quam
1198 1891 1630 1949 antecessores
1677 1886 1825 1963 mei,
1872 1886 1984 1969 qui
2026 1906 2132 1951 me
2181 1875 2658 1968 praestantiores

747 1988 1154 2067 exstiterunt,
1215 1987 1493 2052 ecclesiae
1548 1987 2002 2053 Cantuariensi
2059 1988 2347 2066 fecerint,
2411 2009 2661 2071 semper

747 2098 1008 2177 paratus
1058 2090 1155 2154 fui
1204 2091 1428 2154 facere.
1523 2090 1802 2156 Proinde
1854 2091 2155 2155 admirari
2206 2112 2339 2154 non
2389 2091 2653 2170 sufficio,

752 2192 922 2276 quod
970 2192 1291 2276 permittit
1350 2192 1697 2276 prudentia
1747 2200 1958 2257 vestra
2016 2192 2318 2257 devotum
2379 2192 2660 2257 ecclesiae

754 2296 1066 2360 Romanae
1124 2295 1357 2373 filium,
1412 2296 1544 2379 juri
1613 2317 1862 2379 semper
1927 2303 2096 2360 stare
2164 2295 2657 2379 paratissimum,

753 2406 980 2462 contra
1023 2418 1280 2462 omnem
1326 2398 1670 2481 justitiam,
1716 2407 1791 2463 ut
1844 2399 2005 2462 mihi
2049 2398 2321 2478 videtur,
2367 2398 2657 2482 deprimi,

749 2501 1076 2584 injuriosis
1138 2507 1371 2582 praeter
1438 2500 1757 2565 rationem
1825 2500 2232 2564 contumeliis
2311 2498 2655 2563 molestari.

750 2602 949 2667 Nunc
999 2602 1218 2684 itaque
1278 2602 1636 2666 innumeris
1684 2600 2195 2685 praecedentibus
2254 2624 2487 2666 novam
2548 2602 2660 2665 ad-

743 2704 902 2789 Jecit
939 2703 1265 2786 injuriam,
1301 2704 1411 2787 qui
1452 2704 1732 2787 affligere
1769 2726 1905 2769 non
1934 2703 2184 2769 desistit
2221 2705 2657 2769 innocentem.

751 2807 988 2871 Vestra
1043 2805 1358 2890 siquidem
1409 2806 1635 2886 fultus,
1687 2814 1765 2870 ut
1824 2807 2069 2886 asserit,
2121 2807 2501 2871 auctoritate
2553 2806 2660 2871 de·
2785 2882 2791 2887 ·

750 2917 930 2974 votos
975 2916 1040 2973 et
1084 2908 1303 2973 fideles
1349 2909 1632 2974 ecclesiae
1669 2909 1979 2974 Romanae
2021 2909 2205 2987 filios,
2248 2908 2657 2974 Londonien-

755 3034 889 3077 sem
920 3021 985 3077 et
1019 3013 1565 3077 Saresberiensem
1603 3014 1950 3096 episcopos,
1981 3019 2126 3097 post
2167 3012 2661 3097 appellationem

754 3116 836 3179 ad
865 3137 973 3180 vos
1013 3115 1269 3195 factam,
1295 3116 1427 3199 juri
1467 3136 1582 3199 per
1612 3116 1832 3179 omnia
1870 3115 2207 3197 parituros,
2239 3137 2374 3180 non
2409 3116 2658 3194 citatOS,

754 3240 887 3284 non
918 3226 1191 3299 vocatos,
1224 3241 1355 3283 non
1398 3218 1741 3297 convictos,
1772 3218 1954 3282 nullo
1996 3219 2186 3282 modo
2217 3219 2660 3297 commonitOS,

755 3322 1432 3386 excommunicationis
1456 3320 1536 3385 de
1558 3343 1724 3387 novo
1746 3321 2080 3386 innodavit
2104 3322 2447 3385 sententia.
2503 3321 2659 3387 Qui-

755 3424 1028 3488 busdam
1066 3425 1260 3488 etiam
1307 3424 1386 3489 de
1424 3423 1847 3488 familiaribus
1890 3423 2050 3487 meis
2096 3424 2524 3488 anathematis
2562 3424 2661 3486 in-

755 3532 971 3590 tentat
1013 3525 1435 3605 severitatem,
1482 3526 1730 3589 nullam
1775 3526 2075 3590 adversus
2120 3547 2228 3590 eos
2273 3524 2517 3589 habens
2560 3546 2663 3587 ra-

758 3628 1132 3694 tionabilem
1193 3650 1472 3693 causam.
1565 3627 1759 3694 Quod
1817 3649 1952 3693 non
2010 3628 2225 3691 minus
2284 3647 2452 3709 aegre
2502 3626 2659 3706 fere,

759 3752 952 3813 quam
984 3730 1038 3792 si
1076 3731 1145 3793 in
1178 3752 1385 3794 meam
1417 3730 1736 3814 propriam
1777 3749 2115 3813 personam
2142 3730 2274 3793 lata
2308 3729 2473 3792 foret
2514 3751 2659 3793 sen-

757 3827 983 3890 tentia.
1062 3828 1207 3891 Hoc
1237 3835 1457 3891 autem
1486 3850 1680 3912 quam
1712 3829 1794 3892 sit
1824 3830 1985 3892 mihi
2014 3827 2434 3906 intolerabile,
2467 3850 2663 3911 quam

740 3921 1156 4013 injuriosum,
1204 3951 1524 4013 quamque
1568 3930 1756 3994 famae
1807 3951 1968 3994 meae
2013 3937 2078 3993 et
2123 3936 2351 3994 vestrae
2398 3935 2664 4011 generet

712 4095 721 4100 .
754 4033 1100 4112 laesionem,
1146 4041 1370 4098 vestrae
1419 4055 1555 4099 non
1599 4033 1791 4098 credo
1833 4032 2240 4116 incognitum
2283 4030 2660 4115 prudentiae.

722 4133 1034 4202 'Videtur
1077 4137 1292 4216 etiam,
1339 4139 1511 4221 quod
1556 4158 1662 4201 me
1708 4136 1888 4220 quasi
1936 4135 2314 4200 derelictum
2360 4134 2664 4219 abjecerit

754 4240 1107 4325 paternitas
1156 4247 1382 4319 vestra,
1432 4240 1582 4323 quia
1626 4240 1741 4302 filii
1792 4259 1928 4303 non
1981 4238 2261 4301 attendit
2303 4257 2425 4300 nec
2478 4242 2663 4300 curat

753 4339 1039 4426 injurias,
1074 4340 1186 4405 sed
1215 4340 1297 4404 ad
1340 4341 1714 4424 ignominiae
1753 4347 1818 4403 et
1859 4339 2270 4404 contumeliae
2307 4357 2468 4403 meae
2509 4353 2661 4421 aug-

752 4451 1065 4521 mentum,
1096 4443 1485 4526 flagitiosum
1524 4443 1595 4506 in
1635 4464 1739 4506 me
1780 4443 2095 4525 permittit
2139 4443 2413 4525 grassari
2449 4441 2664 4504 inimi:

3153 5157 3170 5224 i
