3200 5392
766 685 810 747 6
1394 706 1719 749 cussa-n
1755 706 2055 749 srlscom

758 842 877 904 per
924 821 1145 885 audire
1196 821 1638 900 consuevistis,
1692 830 1768 886 ut
1815 822 2174 887 custodiam
2236 822 2684 905 praedictarum

761 924 1173 988 ecelesiarum
1233 925 1361 1002 alii,
1409 924 1514 988 cui
1573 925 1845 989 honeste
1896 924 2333 1009 praevideritis,
2388 925 2683 989 commit-

762 1025 937 1104 tatis,
983 1032 1051 1089 et
1100 1045 1225 1103 me,
1273 1025 1328 1088 si
1370 1025 1601 1108 placet,
1643 1026 1767 1088 hoc
1810 1046 2007 1090 onere
2054 1025 2369 1101 eximatis,
2421 1032 2498 1089 ut
2543 1026 2688 1101 alia,

766 1148 910 1210 quae
938 1126 1098 1190 mihi
1125 1134 1457 1210 parantur,
1482 1148 1681 1191 onera
1707 1128 1938 1192 fortius
1969 1127 2307 1205 sustinere,
2332 1135 2398 1191 et
2428 1149 2686 1210 promp-

766 1230 896 1294 tius
927 1230 1166 1314 possim
1203 1230 1502 1313 expedire
1530 1231 1602 1294 in
1635 1231 1938 1295 Domino.
2031 1230 2383 1294 Pecuniam
2416 1252 2686 1314 quoque,

769 1354 962 1416 quam
1001 1332 1234 1397 exinde
1276 1334 1488 1416 recepi
1532 1341 1598 1398 et
1630 1333 2022 1418 consignavi,
2056 1334 2137 1397 ad
2178 1355 2497 1397 summam
2538 1356 2687 1399 cen-

766 1442 912 1500 tum
969 1442 1115 1499 octo
1173 1436 1389 1515 libras,
1451 1443 1517 1500 et
1579 1436 2065 1520 quatuordecim
2125 1436 2380 1515 solidos,
2441 1445 2506 1501 et
2578 1459 2687 1501 sex

769 1540 1084 1619 denarios,
1125 1548 1295 1624 peto,
1350 1541 1404 1604 si
1451 1540 1681 1624 placet,
1726 1540 1917 1605 liceat
1966 1540 2126 1603 mihi
2171 1561 2319 1604 cum
2370 1541 2581 1623 gratia
2624 1549 2690 1605 et

771 1642 1188 1726 permissione
1216 1649 1429 1708 vestra
1455 1642 1527 1705 in
1557 1649 1707 1706 tuto
1735 1641 2058 1725 deponere
2088 1663 2287 1725 penes
2317 1664 2690 1725 quamcum-

773 1766 899 1827 que
943 1765 1281 1828 personam
1327 1745 1846 1822 ecelesiasticam,
1879 1765 2170 1828 eamque,
2203 1746 2355 1810 licet
2399 1746 2693 1829 ingratis,

770 1849 872 1911 his
904 1869 1178 1932 quorum
1208 1848 1418 1931 gratia
1455 1849 1550 1925 fit,
1583 1847 1796 1914 adhuc
1836 1848 2281 1930 consignatam
2323 1851 2691 1934 salvamque

769 1971 1159 2029 conservare,
1179 1950 1385 2016 donec
1405 1952 1728 2015 Dominus
1743 1951 2146 2034 judicaverit,
2167 1952 2248 2015 ad
2275 1973 2466 2034 quem
2488 1953 2687 2017 finem

771 2056 1001 2120 debeat
1031 2077 1132 2120 res
1160 2056 1288 2120 ista
1315 2055 1664 2138 pervenire.

860 2159 1165 2241 Superest
1211 2158 1420 2222 adhuc
1459 2157 1654 2235 aliud,
1686 2158 1757 2220 in
1801 2178 1928 2241 quo
1965 2164 2106 2222 tota
2134 2156 2311 2222 vobis
2350 2154 2685 2221 nobiscum

772 2261 1087 2343 supplicat
1147 2261 1514 2343 Anglorum
1574 2259 1861 2338 ecclesia,
1924 2270 1990 2324 et
2049 2260 2143 2324 illi
2193 2259 2532 2343 praecipue,
2581 2261 2693 2343 qui

772 2363 1045 2426 salutem
1091 2369 1371 2426 vestram
1422 2370 1490 2426 et
1535 2371 1823 2426 vestrum
1868 2364 2181 2428 honorem
2225 2363 2501 2427 maxime
2547 2362 2689 2426 dili-

773 2473 940 2548 gunt
991 2474 1056 2529 et
1108 2466 1575 2549 amplexantur.
1667 2466 1912 2530 Durius
1965 2467 2161 2546 enim,
2216 2488 2410 2550 quam
2462 2474 2689 2531 vestrae

773 2567 1069 2651 expediat
1117 2568 1635 2652 magnificentiae,
1689 2568 1904 2652 agitur
1955 2569 2128 2653 apud
2176 2591 2288 2634 vos
2340 2590 2491 2633 cum
2540 2569 2688 2647 illis,

775 2692 933 2753 quos
977 2671 1277 2735 dominus
1317 2671 1698 2736 domesticos
1739 2691 1887 2735 suos
1932 2690 2070 2735 esse
2119 2671 2479 2750 constituit,
2530 2693 2689 2755 quos

773 2775 845 2837 in
881 2773 1195 2857 privatam
1234 2774 1501 2839 adscivit
1544 2774 1876 2852 familiam,
1910 2795 2070 2856 quos
2101 2796 2341 2838 mensae
2384 2797 2517 2839 suae
2562 2774 2689 2838 dis-

774 2883 1147 2959 pensatores
1204 2877 1540 2950 ordinavit,
1653 2878 1819 2941 Cum
1882 2876 2319 2940 sacerdotibus
2379 2876 2694 2955 videlicet,

778 2979 887 3063 qui
915 2980 984 3042 in
1013 3000 1215 3063 regno
1244 2981 1500 3063 Angliae
1536 3001 1657 3045 nec
1691 2981 1855 3044 laica
1881 2979 2193 3044 fruuntur
2220 2979 2538 3059 libertate,
2570 3001 2695 3043 nec

769 3084 1028 3168 judiciis
1079 3091 1445 3150 tractantur
1494 3086 1957 3151 ecclesiasticis.
2050 3086 2134 3149 In
2182 3106 2310 3168 quo
2362 3084 2416 3148 si
2466 3105 2692 3149 omnes

774 3196 1014 3267 tacent,
1047 3210 1168 3272 ego
1197 3211 1331 3254 non
1359 3190 1624 3267 taceb03
1672 3190 1725 3252 si
1754 3210 1979 3253 omnes
2010 3188 2371 3271 desperant,
2406 3187 2518 3251 sed
2556 3208 2692 3251 non

778 3312 916 3374 ego,
1006 3290 1261 3355 Absens
1301 3291 1499 3372 igitur
1528 3310 1809 3372 corpore,
1843 3289 1955 3352 s'ed
1997 3289 2228 3369 spiritu
2257 3308 2538 3369 praesens
2579 3309 2693 3353 oro

777 3401 843 3455 et
890 3392 1152 3456 obsecro
1202 3414 1311 3455 vos
1362 3413 1477 3474 per
1522 3392 1795 3454 salutem
1843 3396 2119 3452 vestram
2172 3397 2239 3452 et
2290 3395 2551 3471 propter
2595 3411 2694 3453 sa-

778 3493 984 3556 lutem
1013 3500 1309 3570 vestram,
1346 3500 1422 3556 ut
1452 3492 1873 3568 Willelmum,
1916 3490 2243 3573 quondam
2286 3490 2691 3574 capellanum

780 3594 1251 3679 archiepiscopi,
1301 3601 1366 3658 et
1426 3594 1836 3678 quamplures
1883 3595 2143 3659 clericos
2196 3617 2311 3678 per
2358 3595 2687 3678 Angliam,

781 3719 939 3781 quos
989 3720 1109 3762 nec
1156 3698 1477 3762 confessos
1529 3719 1650 3761 nec
1700 3699 2023 3763 convictos
2068 3700 2264 3764 vestri
2310 3700 2488 3782 prius
2533 3721 2695 3783 prae-

781 3809 1068 3878 sumunt,
1130 3823 1325 3884 quam
1375 3801 1693 3885 judicent,
1756 3802 1984 3884 punire
2046 3802 2346 3880 ministri,
2409 3802 2693 3867 ecclesiae

781 3903 926 3980 Dei,
958 3903 1140 3985 cujus
1182 3910 1336 3967 sunt
1377 3903 1695 3986 obsequiis
1739 3904 2050 3988 deputati,
2095 3905 2352 3970 restitui
2386 3904 2691 3988 jubeatis.

784 4005 965 4068 Vale.
