3200 5392
766 770 897 834 282
1407 789 1703 836 uanum
1740 789 1797 833 11
1831 790 2032 836 amors

765 906 1071 990 quoniam
1114 905 1197 970 ad
1238 905 1307 969 id
1350 926 1486 971 non
1529 906 1901 986 sufficimus,
1948 905 2064 970 sed
2108 928 2267 991 quas
2311 929 2670 992 possumus,

764 1009 1117 1091 gratiarum
1160 1007 1494 1074 referimus
1538 1010 1845 1073 actiones.
1933 1010 2023 1073 Et
2067 1010 2327 1074 utinam
2374 1010 2672 1076 dominus

761 1132 930 1194 papa
965 1132 1083 1195 pro
1120 1110 1307 1176 nobis
1348 1111 1703 1186 Dominum
1736 1110 2132 1195 deprecetur,
2162 1119 2240 1176 ut
2280 1112 2566 1180 Domino
2606 1121 2672 1179 et

763 1213 1034 1277 creatori
1076 1221 1298 1279 nostro
1341 1213 1629 1279 debitam
1672 1213 1973 1280 exhibere
2015 1214 2357 1298 possimne,
2402 1222 2469 1280 et
2514 1217 2670 1281 scia-

764 1338 911 1382 mus
954 1318 1358 1384 devotionem
1406 1327 1471 1384 et
1517 1318 1965 1398 reverentiam,
2010 1327 2077 1384 et
2123 1325 2203 1384 ut
2247 1319 2369 1405 ipsi
2419 1319 2671 1398 servire,

765 1427 832 1485 et
870 1420 1084 1503 ipsum
1125 1420 1410 1504 diligere,
1440 1421 1512 1484 in
1542 1420 1737 1485 tertia
1765 1420 1994 1485 saltem
2027 1443 2154 1505 qua
2183 1422 2490 1486 debemus
2526 1442 2670 1506 por-

764 1524 962 1602 tione,
1021 1524 1364 1588 valeamus.
1476 1524 1649 1588 Sane
1705 1523 1882 1603 licet,
1941 1531 2257 1608 quantum
2315 1545 2414 1588 ex·
2451 1523 2671 1590 debito

763 1634 1083 1706 tenemur,
1129 1627 1344 1711 ipsum
1390 1627 1664 1711 diligere
1701 1635 1768 1693 et
1813 1629 2106 1696 venerari
2150 1649 2285 1692 non
2329 1627 2668 1711 possimus,

764 1730 1068 1795 affectum
1105 1737 1328 1795 tamen
1367 1738 1434 1796 et
1472 1730 1878 1797 devotionem
1917 1731 2226 1798 habemus
2262 1729 2387 1815 ipsi
2423 1730 2497 1794 in
2537 1731 2670 1794 sin·

764 1832 934 1917 gulis
964 1833 1299 1913 deservire,
1329 1834 1401 1898 in
1428 1834 1732 1901 omnibus
1762 1834 2047 1920 obsequi,
2077 1835 2149 1899 in
2175 1833 2491 1898 universis
2520 1834 2670 1899 obe-

765 1937 923 2003 dire.
1014 1936 1099 2003 In
1140 1937 1514 2022 integritate
1543 1946 1763 2004 autem
1795 1939 2039 2023 gratiae,
2071 1945 2139 2003 et
2169 1938 2532 2003 dilectionis
2563 1938 2672 2004 do-

763 2042 928 2106 mini
969 2064 1151 2128 papae
1193 2041 1470 2107 libenter
1512 2063 1914 2125 perseverare
1955 2041 2269 2119 volumus,
2302 2048 2369 2105 et
2414 2042 2671 2105 affecta-

763 2166 931 2224 mus,
962 2144 1017 2208 si
1058 2142 1245 2209 nobis
1289 2150 1356 2209 et
1398 2165 1602 2226 regno
1647 2149 1868 2207 nostro
1912 2142 2193 2207 eundem
2236 2140 2573 2222 honorem,
2605 2150 2669 2206 et

763 2247 1026 2313 honoris
1092 2254 1159 2312 et
1225 2246 1561 2330 dignitatis
1620 2247 2168 2314 conservationem
2226 2246 2670 2324 observaverit,

763 2372 961 2434 quam
990 2350 1198 2415 sancti
1240 2357 1308 2415 et
1349 2349 1607 2415 honesti
1637 2349 1917 2414 Romani
1944 2350 2280 2434 pontifices
2308 2350 2459 2415 viris
2487 2350 2672 2416 nobi-

764 2451 934 2516 libus
979 2458 1046 2516 et
1087 2451 1461 2536 potentibus
1504 2451 2078 2536 praedecessoribus
2121 2454 2360 2518 nostris
2404 2454 2671 2518 exhibu-

765 2559 980 2619 erunt.
1068 2554 1540 2622 Verumtamen
1597 2555 2080 2639 appellationes,
2143 2577 2302 2638 quas
2373 2556 2675 2640 proponit

766 2679 885 2723 nos
931 2656 1350 2741 prohibuisse,
1382 2663 1449 2722 et
1489 2679 1574 2724 ne
1616 2659 1760 2742 quis
1802 2659 1882 2724 de
1919 2680 2122 2743 regno
2161 2667 2384 2724 nostro
2427 2661 2674 2724 curiam

767 2762 1129 2826 Romanam
1172 2760 1479 2840 visitaret,
1527 2783 1648 2828 nos
1695 2763 1921 2828 asserit
1970 2762 2346 2842 inhibuisse,
2395 2769 2673 2830 vestram

763 2866 1065 2930 nolumus
1109 2865 1311 2930 latere
1356 2865 1790 2950 prudentiam,
1834 2865 2006 2950 quod
2051 2887 2173 2931 nec
2213 2865 2672 2950 appellationes

766 2990 889 3034 nec
944 2969 1343 3035 visitationes
1401 2968 1809 3052 aliquatenus
1864 2968 2335 3053 impedivimus,
2386 2966 2547 3052 quin
2597 2988 2674 3033 eo

765 3073 977 3151 modo,
1023 3094 1101 3137 ea
1149 3073 1420 3151 ratione,
1469 3094 1546 3138 eo
1592 3073 1818 3138 ordine
1867 3073 2050 3152 fiant,
2097 3094 2224 3157 quo
2277 3072 2675 3157 temporibus

764 3177 1302 3262 praedecessorum
1336 3183 1727 3255 nostrorum,
1757 3176 2041 3242 virorum
2079 3177 2452 3257 illustrium,
2486 3178 2675 3261 juxta

763 3282 951 3365 regni
1007 3281 1213 3346 nostri
1270 3281 1769 3348 consuetudines
1829 3287 1895 3345 et
1956 3280 2306 3364 dignitates
2380 3281 2672 3348 solebant

765 3385 948 3463 fieri3
1016 3391 1090 3449 et
1156 3385 1323 3449 sicut
1391 3382 1786 3465 antiqniores
1857 3387 1924 3446 et
1981 3381 2431 3466 prudentiores
2462 3381 2673 3463 -regni

764 3488 991 3567 nostri,
1039 3493 1175 3551 tam
1232 3486 1448 3551 clerici
1500 3507 1695 3569 quam
1753 3484 1919 3563 laici,
1971 3485 2266 3552 recolunt
2316 3490 2383 3549 et
2432 3489 2671 3550 retrac-

763 3599 930 3658 tant.
1018 3590 1215 3656 Quod
1243 3611 1391 3654 vero
1418 3588 1977 3658 confaederationis
2006 3588 2193 3654 factae
2231 3608 2378 3650 cum
2415 3606 2673 3652 excom-

761 3694 1109 3759 municatis
1167 3713 1286 3756 nos
1345 3692 1579 3774 arguit,
1627 3693 1699 3758 in
1744 3691 1867 3756 hoc
1917 3712 2054 3756 non
2103 3688 2496 3756 aestimamus
2550 3709 2672 3752 nos

763 3798 980 3862 Deum
1008 3794 1369 3871 offendisse,
1399 3815 1521 3857 nec
1550 3793 1837 3860 obviasse
1864 3793 2139 3862 rationi:
2187 3793 2340 3877 quia
2380 3791 2550 3858 sicut
2594 3813 2673 3856 ex

763 3916 873 3961 ore
904 3894 1148 3959 domini
1186 3914 1368 3978 papae
1404 3893 1786 3977 accepimus,
1821 3895 2037 3980 ipsum
2067 3895 2407 3962 dominum
2436 3894 2672 3970 Frede-

762 3998 972 4063 ricum
1019 3999 1463 4063 Romanorum
1506 3997 1961 4082 imperatorem
2007 4020 2348 4082 nunqnam
2397 4019 2516 4082 pro
2568 4019 2673 4062 ex-

765 4101 1239 4169 communicato
1264 4101 1515 4181 habuit,
1555 4122 1679 4165 nec
1716 4108 1939 4185 postea
1975 4101 2191 4186 ipsum
2230 4100 2673 4178 excommuni-

766 4215 985 4273 catum
1012 4206 1210 4272 fluisse
1239 4204 1508 4289 alicujus
1544 4204 1858 4270 relatione
1899 4204 2338 4288 cognovimus.
2427 4204 2675 4280 Verum

766 4310 891 4374 etsi
934 4309 1135 4373 filiam
1179 4312 1468 4372 nostram
1511 4306 1644 4372 filio
1689 4307 2095 4390 imperatoris
2141 4307 2217 4371 in
2262 4307 2679 4374 matrimonio.

766 4411 1286 4488 concesserimuS,
1332 4429 1453 4474 nec
1495 4408 1566 4474 in
1611 4408 1879 4476 minimo
1922 4431 2041 4474 nos
2085 4408 2429 4493 deliquisse
2457 4408 2675 4482 ,credi-
