3200 5392
761 743 891 805 318
1438 759 1807 805 tunulum
1843 761 1989 805 nn.

759 885 1088 963 ceperunt.
1179 876 1481 942 Firmiter
1506 898 1765 964 quoque
1809 898 1850 942 a
1889 877 2095 957 nobis,
2126 885 2194 943 et
2238 879 2320 944 ab
2351 880 2666 946 universis

761 982 1091 1046 decretum
1142 988 1261 1059 est,
1314 988 1390 1045 ut
1449 981 1838 1064 quicumque
1899 989 2245 1065 supersunt
2303 983 2664 1063 ordinandi,

758 1086 827 1148 in
868 1084 1091 1168 primis
1136 1091 1411 1166 quatuor
1453 1083 1850 1167 temporibus
1887 1084 2182 1148 similiter
2221 1094 2660 1168 exequantur:

759 1186 1044 1273 alioquin
1103 1186 1456 1268 dignitatis,
1516 1186 1598 1249 ad
1657 1207 1853 1270 quam
1913 1186 2098 1249 electi
2164 1194 2337 1266 sunt,
2396 1189 2661 1267 honore,

756 1290 935 1352 omni
978 1296 1225 1353 remota
1268 1288 1591 1363 dilatione,
1623 1288 1974 1370 priventur.
2064 1291 2164 1353 Ac
2205 1290 2343 1354 haec
2386 1290 2661 1355 honora-

753 1390 914 1455 biles
944 1392 1140 1474 legati
1168 1390 1434 1454 illustris
1464 1390 1652 1453 amici
1680 1390 1885 1454 nostri
1916 1392 2204 1471 Henrici,
2236 1393 2493 1475 gloriosi
2521 1394 2660 1457 An-

754 1494 1006 1577 glorum
1051 1493 1238 1575 regis,
1286 1493 1368 1556 ad
1416 1513 1533 1556 nos
1585 1493 1667 1558 ab
1717 1493 1858 1577 ipso
1909 1495 2289 1574 transmissi,
2332 1496 2407 1558 in
2455 1496 2658 1561 totius

749 1597 943 1661 curiae
971 1603 1208 1660 nostroe
1237 1595 1576 1678 praesentia
1617 1617 1809 1679 super
1838 1603 2208 1661 sanctorum
2245 1597 2544 1680 reliquias
2576 1620 2657 1662 ex
2685 1603 2696 1616 ⁸

749 1706 933 1782 parte
981 1697 1153 1781 regis
1198 1699 1454 1781 Angliae
1499 1697 1756 1782 publice
1801 1700 2182 1782 juraverunt
2228 1698 2433 1779 nobis,
2481 1700 2656 1783 quod

746 1821 859 1864 rex
889 1801 1024 1885 ipse
1053 1821 1200 1864 cum
1231 1808 1370 1865 toto
1398 1821 1601 1883 regno
1646 1822 1764 1865 suo
1804 1801 1875 1864 in
1905 1809 2088 1886 parte
2131 1809 2353 1867 nostra
2380 1802 2654 1867 fideliter

747 1903 985 1968 stabit:
1054 1903 1389 1967 dominum
1447 1903 1843 1982 Paschalem,
1904 1926 2096 1986 quem
2155 1926 2274 1968 nos
2331 1911 2651 1985 tenemus,

743 2006 1083 2070 nobiscum
1113 2026 1365 2089 semper
1391 2006 1661 2070 tenebit.
1747 2006 1848 2070 De
1880 2007 2175 2071 Rolando
2205 2014 2423 2071 autem
2454 2007 2652 2072 schis-

746 2109 980 2173 matico
1010 2109 1495 2173 manutenendo
1540 2109 1911 2173 nullatenus
1958 2131 2027 2173 se
2067 2110 2147 2174 de
2186 2117 2418 2174 caetero
2448 2110 2650 2175 intro-

743 2212 980 2276 mittet.
1054 2211 1227 2277 Quia
1252 2232 1401 2276 vero
1423 2212 1715 2295 justitiae,
1746 2233 1940 2294 quam
1970 2213 2186 2276 hostes
2216 2213 2497 2278 ecclesiae
2525 2214 2651 2278 Dei

742 2320 809 2377 et
847 2314 1074 2389 nostri,
1105 2313 1235 2377 sive
1278 2335 1356 2376 ex
1396 2312 1712 2395 superbia,
1751 2314 1880 2378 sive
1924 2335 2005 2378 ex
2045 2335 2252 2378 causae
2292 2315 2651 2380 diffidentia

741 2414 1129 2493 devitarunt,
1170 2437 1290 2479 nos
1335 2435 1586 2499 semper
1631 2415 1947 2479 hactenus
1991 2423 2161 2480 stare
2198 2416 2427 2500 parati,
2469 2437 2647 2481 nunc

741 2516 1006 2581 tandem
1054 2517 1136 2580 ad
1173 2517 1434 2582 insolita
1473 2525 1876 2582 sacramenta
1919 2539 1996 2582 ex
2036 2539 2260 2583 eornm
2306 2519 2647 2584 manifesta

740 2619 1172 2684 obstinatione
1202 2642 1424 2683 sumus
1452 2621 1733 2705 impulsi.
1796 2623 1860 2685 A
1890 2621 2442 2686 schismaticorum
2472 2643 2642 2687 com-

738 2722 1047 2786 munione
1076 2723 1285 2786 omnis
1314 2722 1529 2803 homo,
1555 2724 1892 2808 omnisque
1921 2724 2078 2788 ordo
2107 2730 2347 2789 caveat.
2438 2724 2644 2789 Furor

734 2825 909 2889 enim
940 2846 1181 2905 eorum,
1212 2827 1337 2891 etsi
1372 2826 1683 2891 hactenus
1722 2828 1938 2911 aliquo
1990 2827 2181 2891 modo
2210 2827 2381 2891 visus
2410 2834 2509 2891 est
2538 2849 2641 2891 ve-

735 2928 943 3007 nialis,
991 2928 1062 2992 in
1108 2937 1437 3013 posterum
1488 2950 1750 3012 prorsus
1798 2928 1921 2993 erit
1965 2926 2434 2992 irremissibilis.
2531 2928 2640 2992 Ad

731 3031 1089 3115 perfectum
1120 3053 1372 3115 quoque
1406 3032 1600 3115 hujus
1641 3031 1888 3113 negotii
1923 3032 2401 3095 firmamentum
2430 3050 2510 3094 ex
2537 3036 2636 3095 to-

729 3134 861 3198 tius
894 3134 1379 3218 Herbipolensis
1419 3133 1674 3198 concilii
1718 3133 1972 3197 decreto
2011 3132 2372 3197 firmissime
2414 3133 2634 3216 praeci-

730 3238 964 3322 pimus,
995 3245 1071 3302 ut
1111 3238 1166 3301 si
1200 3238 1342 3322 quis
1381 3237 1462 3301 ad
1498 3238 1598 3301 sui
1644 3237 2028 3301 mandatum
2072 3235 2381 3300 antistitis
2428 3257 2633 3300 sacra-

731 3346 1029 3404 mentum
1069 3361 1262 3423 supra
1304 3338 1615 3423 scriptum
1657 3360 1794 3402 non
1835 3337 2227 3421 praestiterit,
2266 3338 2322 3401 si
2365 3337 2630 3401 clericus

727 3441 814 3506 sit
865 3448 979 3506 aut
1025 3442 1407 3520 Monachus,
1458 3440 1886 3505 ecclesiastico
1935 3440 2222 3523 privetur
2267 3439 2511 3504 honore
2555 3459 2629 3502 ac

726 3543 1076 3622 benefici03
1123 3544 1178 3607 si
1218 3545 1437 3620 laicus,
1471 3544 1706 3608 allodia
1740 3549 1806 3607 et
1848 3542 2177 3618 beneficia,
2212 3560 2625 3624 quaecumque

724 3644 1027 3729 possidet,
1058 3652 1282 3710 nostra
1321 3643 1443 3728 ipsi
1474 3644 1857 3709 auctoritate
1901 3665 1940 3707 a
1983 3665 2099 3707 suo
2134 3642 2349 3726 judice
2376 3643 2477 3705 vel
2511 3641 2621 3705 do-

721 3746 903 3810 mino
931 3768 1189 3829 prorsus
1219 3747 1608 3811 adimantur.
1670 3748 1844 3811 Data
1863 3744 2317 3823 Wicheburch,
2340 3744 2624 3808 calendis

720 3845 903 3913 Julii.
