3200 5392
534 907 537 908 γ
577 876 710 920 Λα).
748 854 1141 937 nel—89]
1329 873 1680 921 zrrsrorm.
2349 858 2477 921 283

572 1012 739 1070 mus,
772 991 885 1055 sed
925 990 996 1056 id
1037 990 1224 1055 nobis
1250 990 1506 1056 licitum
1534 1010 1672 1054 esse
1700 1010 1832 1054 non
1866 988 2274 1055 dubitamus:
2321 1011 2478 1075 quo-

573 1095 771 1173 niam,
800 1102 877 1159 ut
922 1117 961 1158 a
1003 1094 1196 1158 simili
1239 1116 1568 1159 sumamus
1614 1094 1922 1178 exempla,
1951 1094 2127 1160 idem
2166 1095 2478 1160 excellen-

570 1197 822 1262 tissimo
852 1204 919 1261 et
948 1196 1394 1281 potentissimo
1422 1196 1562 1281 regi
1594 1197 1881 1262 Henrico
1913 1218 2028 1261 avo
2056 1205 2277 1262 nostro
2320 1198 2479 1263 licu-

574 1302 700 1366 isse
727 1300 1086 1380 recolimus,
1119 1300 1231 1384 qui
1258 1301 1460 1365 filiam
1488 1305 1685 1364 suam‘
1704 1298 1992 1365 Henrioo
2020 1298 2209 1365 bonae
2237 1322 2479 1367 memo-

576 1404 689 1470 riae
720 1406 1014 1469 Romano
1052 1403 1422 1488 imperatori
1459 1403 1871 1468 matrimonio
1910 1404 2250 1488 copulavit.
2339 1404 2481 1469 Nos

579 1508 773 1573 etiam
805 1530 844 1571 a
871 1508 1442 1593 praedecessoribus
1473 1507 1711 1577 nostris
1742 1513 1999 1592 sumpta
2018 1507 2288 1587 ratione,
2308 1529 2479 1573 com-

574 1610 906 1676 municato
935 1610 1200 1676 consilio
1228 1611 1624 1694 prudentum
1654 1616 1721 1673 et
1752 1610 2173 1675 discretorum
2200 1611 2483 1676 virorum

578 1714 763 1798 regni
805 1714 1012 1778 nostri
1053 1713 1558 1792 matrimonium,
1599 1713 1771 1776 i'nter
1808 1712 2015 1777 filium
2058 1713 2480 1799 imperatoris,

574 1825 643 1881 et
671 1817 870 1881 filiam
897 1823 1188 1881 nostram
1217 1816 1512 1882 contrahi
1540 1811 1994 1882 concessimus.

661 1922 1003 1999 Praeterea,
1053 1920 1224 2003 quod
1271 1920 1460 1983 nobis
1507 1918 1779 2002 scripsit,
1825 1927 1902 1983 ut
1949 1919 2480 1986 cantuariensem

578 2022 1145 2105 archiepiscopum,
1196 2042 1388 2106 quem
1447 2043 1487 2085 a
1540 2041 1746 2103 regno
1802 2027 2025 2085 nostro
2083 2043 2201 2086 nos
2260 2024 2484 2087 asserit

580 2123 912 2207 expulisse,
959 2124 1031 2187 in
1078 2129 1342 2202 statum,
1388 2145 1427 2187 a
1475 2144 1602 2206 quo
1647 2122 1931 2197 recessit,
1978 2143 2368 2202 revocemuS,
2418 2131 2484 2188 et

580 2225 663 2290 ad
714 2226 933 2291 sedem
984 2247 1167 2289 suam
1211 2226 1617 2303 reducamus,
1668 2224 2142 2289 evidentissime
2188 2224 2483 2290 novimus

578 2328 982 2393 universitati
1011 2335 1236 2393 vestrae
1263 2328 1509 2412 liquido
1538 2334 1851 2406 constare,
1874 2327 2045 2412 quod
2072 2328 2284 2411 ipsum
2314 2350 2483 2394 nun-

582 2454 776 2515 quam
820 2432 1199 2516 expulimus,
1230 2453 1353 2496 nec
1384 2454 1422 2495 a
1449 2452 1652 2515 regno
1682 2438 1905 2495 nostro
1936 2431 2107 2497 exire
2138 2432 2483 2516 coegimus.

585 2536 715 2600 Sed
756 2536 913 2619 ipse,
946 2558 1078 2601 suae
1121 2535 1329 2619 magis
1371 2535 1651 2599 levitatis
1696 2541 1763 2599 et
1806 2535 2138 2619 pravitatis
2180 2535 2484 2619 impulsu,

581 2660 775 2722 quam
805 2639 1019 2723 aliqua
1045 2638 1297 2704 ratione
1338 2638 1422 2703 ad
1458 2639 1582 2703 hoc
1621 2638 1831 2722 ipsum
1860 2638 2231 2718 inducente,
2262 2639 2487 2722 fugam

581 2742 871 2825 arripuit,
900 2742 1264 2806 intentione
1295 2749 1360 2806 et
1390 2742 1715 2826 proposito
1746 2742 2084 2806 adversum
2112 2763 2231 2806 nos
2259 2743 2486 2826 malig-

579 2845 802 2923 nandi,
835 2852 901 2909 et
926 2845 1117 2908 nobis
1147 2850 1212 2909 et
1240 2843 1431 2909 famae
1458 2851 1716 2924 nostrae,
1750 2843 1923 2928 quod
1951 2866 2378 2928 nequaquam,
2410 2853 2487 2910 ut

582 2949 883 3013 omnibus
922 2949 1147 3032 liquet,
1189 2970 1766 3033 promerueramus,
1797 2948 2080 3032 maligne
2115 2947 2485 3033 derogandi.

585 3050 658 3115 Si
701 3058 917 3116 autem
962 3052 1135 3115 idem
1179 3052 1706 3135 archiepiscopus,
1753 3050 1920 3115 sicut
1963 3072 2040 3115 ex
2084 3050 2340 3134 propria
2382 3072 2488 3115 vo-

583 3154 839 3218 luntate
879 3154 1153 3237 aufugit,
1185 3153 1412 3218 eodem
1439 3153 1634 3217 modo
1661 3154 2021 3218 voluntarie
2049 3155 2283 3219 reverti
2310 3155 2488 3218 volu-

586 3256 730 3333 erit,
758 3263 828 3321 et
862 3257 1048 3321 nobis
1077 3255 1318 3335 fecerit,
1351 3255 1524 3339 quod
1566 3255 1827 3319 domino
1866 3263 1932 3320 et
1972 3255 2244 3340 principi
2280 3258 2490 3321 facere

584 3358 830 3439 debuit,
859 3380 980 3424 nos
1010 3358 1220 3425 eidem
1251 3360 1441 3444 juxta
1479 3357 1856 3423 clericorum
1895 3364 1961 3423 et
1998 3358 2310 3423 laicorum
2338 3379 2488 3423 con-

582 3463 821 3542 silium,
850 3470 990 3528 tam
1016 3463 1204 3547 regni
1232 3463 1439 3527 nostri
1470 3484 1665 3547 quam
1693 3462 2294 3542 transmarinorum,
2319 3462 2492 3546 quod

585 3566 962 3632 debebimus
1003 3587 1411 3651 exequemur.
1501 3566 1753 3630 Verum
1780 3565 1995 3649 ipsum
2023 3586 2139 3649 per
2165 3588 2284 3630 nos
2311 3587 2490 3631 revo-

583 3670 865 3736 candum
907 3692 1044 3736 non
1087 3691 1445 3750 censemus,
1488 3690 1680 3754 quem
1727 3692 1766 3733 a
1806 3690 2009 3753 regno
2052 3677 2275 3736 nostro
2319 3669 2491 3734 exire

581 3794 719 3838 non
747 3773 1091 3857 coegimus.

673 3877 906 3959 Itaque
936 3877 990 3940 si
1020 3875 1197 3940 vobis
1227 3876 1590 3941 constiterit
1619 3896 1738 3940 nos
1773 3875 1847 3939 in
1886 3876 2099 3959 aliquo
2129 3876 2491 3961 deliquisse,

588 3985 656 4043 et
714 3980 1073 4058 excessisse,
1121 3980 1385 4044 consilio
1432 3979 1586 4044 cleri
1637 3986 1703 4044 et
1754 3979 2073 4044 baronum
2121 3987 2493 4045 nostrorum

582 4082 772 4166 juxta
818 4082 1336 4160 consuetudineS,
1399 4088 1466 4146 et
1526 4081 1893 4164 dignitates,
1956 4088 2023 4145 et
2081 4082 2493 4146 celsitudines

587 4184 773 4267 regni
812 4183 1038 4262 nostri,
1070 4183 1381 4268 quidquid
1419 4183 1854 4262 debuerimus,
1885 4183 2101 4247 animo
2128 4184 2363 4248 libenti
2398 4184 2493 4247 fa-

588 4288 855 4352 ciemus.
948 4287 1021 4351 Si
1066 4308 1215 4352 vero
1261 4287 1491 4370 aliquis
1530 4288 1700 4372 jura,
1745 4293 1813 4352 et
1864 4286 2380 4364 consuetudines,
2427 4292 2495 4350 et

590 4390 943 4474 dignitates
980 4389 1165 4473 regni
1204 4389 1407 4454 nostri
1444 4389 1757 4473 impedire
1790 4388 2223 4467 attentaverit,
2256 4408 2370 4453 seu
2398 4388 2493 4452 di-

590 4493 901 4573 minuere,
961 4493 1172 4578 ipsum
1232 4492 1562 4577 publicum
1620 4493 1892 4571 hostem,
1952 4499 2019 4557 et
2077 4491 2494 4557 manifestum
