3200 5392
15 0 3146 361 -ι

508 984 643 1028 ΑΛ).
683 964 1073 1045 uel—89]
1174 982 1651 1025 Lonnommssis
1680 979 2034 1023 Ems'ronAE.
2327 962 2411 1022 33

827 1313 1269 1379 EPISTOLA
1313 1312 1824 1378 CCXCII.--An
1860 1359 2082 1376 .....

598 1464 979 1529 'Pau-mum
1021 1462 1218 1543 vobis,
1259 1464 1601 1541 carissime,
1643 1463 2055 1527 commissum
2100 1468 2198 1526 est
2243 1461 2415 1544 quod

513 1585 747 1648 augere
788 1573 855 1629 et
893 1564 965 1628 in
1001 1565 1356 1629 multorum
1385 1564 1873 1628 commoditates
1902 1564 2257 1648 expendere
2287 1564 2416 1628 dis-

511 1666 782 1731 cretioni
810 1675 1038 1731 vestrae
1065 1667 1493 1731 necessarium
1524 1674 1643 1744 est,
1674 1674 1750 1729 ut
1789 1688 1937 1730 cum
1979 1667 2141 1730 illud
2179 1667 2414 1731 multo-

509 1790 659 1833 rum
704 1767 1143 1833 subveniendo
1187 1758 1678 1832 necessitatibus
1722 1768 2128 1847 adauxeritis,
2173 1789 2415 1832 merce-

514 1871 662 1935 dem
700 1872 772 1935 in
812 1872 1190 1955 centuplum
1229 1892 1268 1934 a
1309 1870 1590 1935 Domino
1629 1871 1701 1934 in
1745 1871 1858 1934 illa
1904 1871 2007 1935 die
2054 1872 2412 1955 reportetis.

511 1975 856 2039 Talentum
907 1975 1183 2039 hoc—-id
1236 1982 1334 2039 est
1386 1975 1633 2039 domini
1684 1974 1890 2039 nostri
1939 1976 2107 2061 regis
2152 1974 2331 2041 vobis
2378 1997 2417 2039 a

514 2075 803 2141 Domino
875 2097 1177 2149 concessa
1233 2078 1634 2142 familiaritas
1693 2099 1886 2161 quam
1946 2078 2000 2142 si
2059 2079 2201 2161 quis
2261 2100 2417 2143 auro

513 2184 861 2260 comparet,
891 2177 1231 2261 pretiosior
1273 2186 1391 2256 est,
1423 2187 1489 2242 et
1531 2185 1708 2242 recte
1747 2185 2265 2263 quantacumque
2307 2202 2416 2263 pe-

513 2279 707 2343 cunia
762 2280 956 2362 longe
1014 2279 1221 2343 carior
1278 2279 1636 2343 aestimatur
1650 2280 2082 2358 3—talentum
2153 2281 2277 2345 hoc
2341 2291 2419 2346 ut

514 2382 791 2471 fideliter
835 2383 1113 2465 erogetis
1157 2404 1315 2466 opus
1360 2389 1478 2461 est,
1516 2389 1593 2447 ut
1639 2382 1851 2466 ipsum
1902 2382 1982 2447 de
2028 2382 2420 2450 sublevanda

514 2506 961 2570 oppressorum
1004 2485 1261 2550 miseria
1303 2486 1674 2569 frequenter
1716 2494 1782 2550 et
1827 2487 2094 2551 sollicite
2138 2509 2417 2552 commo-

512 2588 742 2667 neatis,
775 2594 841 2652 et
869 2587 941 2651 in
969 2587 1091 2653 hoc
1120 2610 1254 2653 non
1284 2596 1647 2672 opportuna
1676 2589 1884 2653 solum
1916 2590 2028 2653 sed
2071 2597 2137 2654 et
2181 2591 2417 2675 impor-

515 2697 680 2754 tuna
731 2690 785 2755 si
834 2690 905 2754 id
953 2690 1159 2774 pietas
1211 2691 1446 2773 exigat,
1498 2691 1814 2755 instantia
1862 2694 2296 2775 perseveretis,
2342 2705 2420 2759 ut

515 2798 582 2857 et
623 2792 747 2877 ipsi
788 2792 1094 2857 meritum
1134 2792 1307 2877 apud
1345 2791 1705 2857 Dominum
1746 2794 2109 2881 collocetur,
2141 2801 2208 2859 et
2247 2795 2420 2880 apud

514 2895 810 2960 homines
856 2896 1065 2979 gratia
1106 2895 1284 2960 vobis
1328 2917 1462 2961 non
1506 2897 1758 2962 modica
1801 2919 1879 2961 ex
1925 2898 2153 2963 studiis
2196 2899 2419 2983 hujus-

514 2998 692 3064 modi
722 3000 1108 3064 cumuletur.

816 3300 1258 3364 EPISTOLA
1303 3299 1864 3366 CCXCIII.—An
1900 3350 2118 3366 .....

604 3450 773 3514 Essn
818 3470 924 3515 me
972 3470 1204 3515 sanum
1255 3450 1506 3514 noveris
1552 3458 1620 3513 et
1665 3450 2054 3515 incolumem
2105 3460 2421 3533 tuumque

530 3556 874 3621 affectuose
933 3554 1293 3619 desiderare
1344 3553 1752 3638 colloquium,
1810 3560 1888 3618 ut
1943 3553 2288 3638 percipiam
2346 3574 2426 3616 ex

521 3658 712 3723 amici
749 3658 1092 3743 praesentia
1121 3658 1293 3741 quod
1336 3658 1595 3724 affectat
1635 3658 1987 3742 plurimum
2017 3657 2233 3721 anima
2259 3677 2423 3721 mea.

526 3761 863 3840 Solatium,
910 3761 1082 3845 quod
1124 3762 1313 3825 variis
1361 3783 1580 3826 rerum
1625 3762 2045 3846 perpenditur
2090 3760 2426 3826 eventibus

523 3865 696 3948 quod
747 3864 1092 3948 corporalis
1144 3864 1455 3929 alterutro
1505 3863 1693 3928 nobis
1741 3863 2033 3929 absentia
2082 3863 2425 3942 subtrahit,

522 3967 590 4031 id
622 3988 836 4051 quaeso
876 3967 1107 4031 caritas
1144 3966 1257 4030 illa
1296 3968 1587 4051 suppleat
1623 3989 1769 4053 quae
1803 3967 2009 4032 nescit
2047 3967 2426 4044 absentiam,

526 4091 794 4154 quaeque
843 4069 1057 4154 ipsum
1104 4089 1298 4152 quem
1350 4069 1559 4153 diligit
1611 4070 1733 4134 sibi
1785 4090 2035 4153 semper
2078 4069 2151 4132 in
2198 4068 2431 4152 spiritu

526 4173 707 4238 novit
746 4172 1046 4236 exhibere
1085 4180 1489 4256 praesentem.
1579 4175 1681 4237 De
1720 4180 1951 4237 caetero
1980 4172 2288 4236 Willelmi
2315 4172 2432 4235 filii

530 4275 610 4339 R.
655 4294 843 4358 prece
885 4275 1179 4358 pulsatus
1217 4273 1683 4340 benevolentiae
1728 4276 1800 4338 in
1840 4273 1896 4337 B
1941 4295 2161 4358 preces
2206 4275 2434 4338 offerre

528 4374 892 4460 compellor,
935 4376 1242 4459 quatinus
1287 4378 1344 4440 B
1391 4377 1474 4441 ad
1518 4378 1895 4442 diaconatus
1940 4375 2235 4443 ordinem
2288 4395 2435 4458 pro-

526 4485 782 4544 motum
852 4477 1106 4542 tamdiu
1178 4479 1261 4543 ad
1327 4478 1756 4544 sacerdotium
1826 4497 2197 4562 promovere
2253 4475 2429 4540 velis.

532 4580 725 4647 Quod
778 4600 995 4644 amore
1048 4581 1172 4644 Dei
1218 4587 1284 4645 et
1333 4581 1665 4665 petitionis
1710 4601 1873 4645 meae
1918 4577 2316 4660 complendo,
2369 4584 2437 4640 et

619 4720 727 4757 cu..
754 4719 869 4755 ror..
916 4719 1035 4754 vot..
1059 4719 1118 4754 ιι.
1468 4705 1511 4746 D
