3200 5392
729 777 860 839 324
1274 794 1628 840 umnam
1664 796 1749 840 nn
1783 796 1992 842 ruam

725 909 1131 990 foecunditas,
1192 910 1531 995 diligentia
1587 912 1917 992 doctrinae‚
1978 912 2265 996 specialis
2337 912 2630 997 impensa

725 1012 1197 1078 benivolentiae.
1290 1013 1453 1079 Quis
1481 1014 1672 1079 hodie
1700 1016 1986 1100 proprios
2014 1016 2247 1081 liberos
2276 1016 2444 1099 regit
2486 1036 2629 1098 pro-

729 1116 1074 1194 videntius,
1120 1117 1352 1182 educat
1397 1117 1679 1196 uberius,
1728 1119 1993 1183 instruit
2040 1120 2372 1198 attentius,
2423 1119 2632 1201 diligit

728 1218 1080 1284 ferventius
1097 1220 1127 1282 ?
1221 1220 1327 1283 Sic
1355 1240 1545 1303 poene
1578 1240 1761 1282 amor
1798 1222 1907 1284 ille
1945 1222 2210 1286 modum
2241 1222 2527 1300 excessit,
2557 1228 2635 1284 ut

730 1342 841 1386 vos
884 1321 1179 1404 diligeret
1218 1342 1352 1385 non
1392 1320 1572 1403 quasi
1612 1321 2016 1400 excellenter,
2049 1324 2158 1387 sed
2192 1325 2374 1407 quasi
2414 1326 2633 1407 singu-

730 1423 971 1488 lariter.
1059 1423 1252 1487 Absit
1292 1421 1372 1486 ab
1413 1422 1692 1506 episcopi
1735 1422 1971 1506 pietate
2008 1430 2110 1489 tot
2153 1432 2221 1488 et
2263 1433 2450 1490 tanta
2488 1426 2635 1490 talis

730 1527 1029 1609 tantique
1069 1524 1360 1607 magistri
1399 1525 1631 1590 merita
1669 1547 1802 1589 non
1843 1527 2194 1604 attendere,
2227 1535 2294 1591 et
2333 1529 2470 1610 ejus
2501 1549 2634 1591 non

734 1629 1013 1713 compati
1046 1627 1282 1707 liberis,
1315 1628 1425 1711 qui
1463 1650 1571 1692 vos
1612 1628 1954 1713 aliquando
1983 1651 2098 1713 pro
2126 1630 2258 1694 filio
2287 1630 2634 1713 adoptavit.

737 1733 869 1797 Det
907 1752 1060 1814 ergo
1103 1730 1281 1795 Deus
1320 1729 1497 1794 vobis
1540 1731 1842 1813 angelum
1880 1733 2100 1815 magni
2130 1733 2397 1810 consilii,
2429 1733 2637 1816 quati-

736 1857 862 1899 nus
891 1833 1268 1918 portitorem
1298 1833 1735 1916 praesentium,
1767 1857 1895 1918 qua
1924 1835 2106 1900 decet
2134 1836 2472 1900 honestate
2501 1858 2642 1900 sus·
2743 1885 2764 1904 „„

737 1937 1006 2021 cipiatis‚
1054 1942 1124 2000 et
1168 1957 1298 2019 qua
1347 1935 1692 2000 abundatis
1742 1938 1987 2020 pietate
2036 1939 2356 2018 reficiatis,
2402 1946 2470 2003 et
2518 1961 2645 2023 qua

740 2040 1135 2126 praeminetis
1208 2046 1527 2123 potestate
1600 2043 2047 2123 promoveatis.
2170 2042 2242 2106 Si
2300 2051 2518 2108 autem
2578 2064 2646 2107 se

743 2144 1050 2209 sanctitas
1078 2148 1292 2207 vestra
1319 2142 1525 2225 magis
1557 2142 1640 2205 ad
1667 2143 1900 2208 fratres
1930 2167 2077 2210 suos
2110 2146 2219 2228 qui
2250 2147 2484 2223 minus,
2514 2147 2646 2210 imo

741 2247 906 2311 nihil
934 2246 1060 2309 nisi
1089 2266 1205 2329 per
1232 2245 1446 2329 ipsum
1474 2245 1739 2323 habent,
1770 2248 2061 2327 inclinat,
2095 2249 2403 2313 confiteor
2431 2271 2644 2313 coram

745 2351 906 2428 Dec,
958 2347 1425 2433 praedicabilius
1477 2355 1673 2433 atque
1727 2351 2044 2414 salubrius
2096 2373 2232 2415 esse
2284 2353 2364 2414 ad
2423 2351 2642 2433 hujus-

744 2452 992 2516 cemodi
1035 2452 1256 2534 inopes
1296 2452 1631 2535 respicere,
1674 2474 1870 2538 quam
1916 2453 2220 2536 quosdam
2261 2452 2513 2515 vicatim
2556 2451 2641 2514 ci-

744 2554 927 2619 baria
956 2562 1315 2637 quaerentes
1344 2556 1625 2620 reficere.
1710 2557 1876 2619 Cum
1906 2562 2122 2618 autem
2153 2554 2477 2636 religionis
2508 2575 2644 2617 ves-

745 2664 869 2721 trae
912 2656 1281 2739 benignitas
1325 2677 1393 2719 se
1436 2658 1674 2739 passim
1720 2656 1800 2721 ad
1846 2676 2067 2719 omnes
2112 2663 2382 2719 conetur
2427 2662 2649 2719 exten-

751 2761 921 2838 dere,
966 2759 1066 2823 his
1110 2759 1510 2843 potissimum
1558 2759 1751 2824 debet
1800 2758 2155 2835 subvenire,
2194 2758 2304 2840 qui
2347 2758 2420 2822 in
2465 2759 2654 2823 bonis

751 2973 1016 3045 norunt,
1061 2967 1426 3031 mendicare
1470 2965 1878 3041 erubescunt,
1922 2965 2155 3049 quibus
2203 2966 2258 3028 si
2306 2988 2656 3049 supernum

755 3070 929 3154 quod
986 3070 1312 3134 modicum
1375 3075 1473 3135 est
1532 3067 1955 3132 subtrahatur
2013 3069 2342 3147 auxilium,
2400 3072 2656 3133 nullum

755 3173 1010 3238 vivendi
1042 3173 1348 3256 relinquit
1388 3171 1804 3255 adjutorium.
1894 3171 2051 3235 Non
2085 3194 2403 3255 praesumo
2433 3173 2659 3238 docere

759 3276 1139 3361 sapientiam
1169 3283 1464 3353 vestram,
1495 3274 1610 3339 sed
1650 3274 1951 3339 exhortor
1988 3274 2323 3339 caritatem
2363 3285 2657 3356 vestram,

760 3379 844 3443 ad
900 3377 1455 3442 honorificentiam
1513 3384 1579 3442 et
1639 3377 1912 3441 salutem
1957 3384 2255 3441 vestram.
2362 3379 2660 3462 Denique

758 3482 1005 3566 pepigit
1058 3480 1265 3564 gratia
1312 3486 1524 3544 vestra
1579 3479 1857 3563 aliquem
1911 3478 1990 3542 de
2042 3479 2320 3543 alumnis
2372 3481 2660 3563 magistri

761 3585 927 3650 Adae
985 3583 1323 3667 suscipere,
1384 3583 1575 3662 alere,
1632 3587 2028 3666 promovere.
2119 3582 2310 3647 Quod
2366 3582 2661 3647 nondum

763 3687 1068 3764 solutum,
1113 3685 1381 3749 rationis
1426 3685 1628 3749 dictat
1672 3684 1829 3758 ordo
1874 3684 2265 3762 solvendum,
2307 3690 2373 3747 et
2416 3685 2660 3749 miseri-

764 3788 982 3852 cordia
1024 3787 1312 3871 praecipit
1356 3787 1438 3850 ad
1481 3786 1906 3870 implendum.
1997 3786 2081 3849 In
2117 3785 2222 3849 his
2260 3793 2327 3851 et
2366 3789 2667 3854 omnibus

766 3890 1011 3973 repleat
1051 3909 1161 3952 cor
1196 3895 1479 3953 vestrum
1512 3889 1689 3952 Deus
1729 3890 1959 3972 spiritu
1997 3889 2263 3968 consilii,
2305 3898 2372 3955 et
2410 3891 2667 3957 fortitu-

772 3992 962 4071 dinis,
991 3997 1057 4057 et
1084 3990 1361 4077 pietatis.
1450 3991 1682 4058 Valete
1712 4013 1959 4080 semper
1986 3992 2057 4057 in
2086 3994 2391 4058 Domino.
