3200 5392
603 814 737 856 Am.
778 793 1173 876 1161—89.]
1275 811 1608 855 Eris'roLAE
1641 812 1964 862 QUAEDAM.
2386 793 2517 858 239

602 927 776 992 bona
834 927 1209 991 clericorum
1262 916 1574 1006 meorum,
1626 927 1738 1012 qui
1791 927 2147 993 sententias
2207 948 2284 991 ex
2336 949 2519 992 man-

605 1029 757 1094 dato
824 1051 969 1117 meo
1032 1030 1542 1114 promulgarent,
1613 1037 1726 1094 aut
1792 1032 2235 1114 promulgatas.
2301 1030 2516 1096 obser-

603 1140 850 1196 varent.

690 1235 796 1298 Ad
819 1236 956 1299 haec
986 1256 1105 1319 ego
1126 1237 1252 1299 illis
1276 1243 1342 1300 et
1364 1243 1730 1301 reverenter
1752 1248 1818 1300 et
1840 1237 2171 1301 humiliter
2190 1238 2510 1323 respondi,

606 1340 899 1420 oportere
937 1359 1042 1402 me
1074 1339 1291 1404 omnia
1330 1339 1486 1419 haec,
1516 1339 1671 1404 licet
1717 1340 1889 1403 solus
1931 1339 2271 1419 audissem,
2304 1340 2387 1404 ad
2417 1362 2517 1405 ec-

606 1440 812 1504 clesiae
857 1462 1016 1506 meae
1058 1443 1295 1506 referre
1339 1442 1821 1521 conscientiam,
1866 1443 2052 1526 cujus
2098 1450 2283 1507 erant
2326 1443 2519 1508 liber-

603 1548 770 1607 tates
813 1544 959 1623 illae,
1007 1544 1240 1629 quibus
1285 1544 1600 1608 hactenus
1645 1566 1801 1609 usus
1846 1566 2040 1623 eram,
2087 1552 2153 1609 et
2196 1566 2375 1609 nunc
2419 1545 2520 1610 uti

603 1645 1006 1727 prohibebar.
1099 1646 1354 1713 Quibus
1385 1646 1687 1711 omnibus
1717 1648 1771 1710 si
1809 1647 1965 1731 ipsis
2004 1648 2388 1712 inconsultis
2417 1669 2517 1712 re-

606 1747 1036 1828 nunciassem',
1082 1749 1247 1811 nihil
1292 1756 1508 1812 actum
1556 1755 1743 1828 esset,
1788 1750 1915 1813 nisi
1960 1749 2133 1833 quod
2176 1749 2249 1813 in
2293 1751 2520 1834 capitis

606 1850 735 1911 mei
764 1849 1119 1932 periculum
1150 1849 1510 1914 redundare
1538 1859 1775 1934 posset.
1836 1853 2083 1915 Verum
2116 1875 2316 1936 quum
2347 1874 2520 1917 com-

608 1951 937 2015 municato
984 1947 1137 2015 'cum
1178 1953 1445 2016 ecclesia
1481 1960 1707 2017 nostra
1732 1954 1927 2018 verbo
1965 1976 2070 2018 me
2098 1955 2519 2019 nihilominus

608 2053 677 2115 in
709 2053 1023 2118 libertatis
1052 2061 1292 2118 nostrae
1322 2057 1767 2140 prosecutione
1796 2064 2345 2140 perseveraturum
2371 2079 2518 2141 cog-

609 2157 961 2236 novissent,
1010 2158 1219 2242 primo
1270 2179 1485 2222 coram
1535 2158 1855 2243 plerisque
1906 2159 2255 2223 baronibus
2307 2160 2518 2223 Picta-

604 2261 941 2339 viensium,
985 2262 1217 2326 deinde
1257 2280 1471 2327 coram
1519 2262 1755 2326 nostris
1804 2262 2046 2326 civibus
2094 2284 2214 2326 sua
2256 2262 2514 2345 publice

607 2366 1177 2448 promulgaverunt
1214 2366 1441 2430 edicta.
1533 2364 1716 2430 Hinc
1752 2366 1931 2444 mihi,
1965 2366 2131 2428 sicut
2175 2365 2518 2448 supradixi,

608 2469 883 2532 Turonis
933 2469 1398 2553 proficiscendi,
1452 2476 1518 2533 et
1571 2476 1949 2533 caeterorum
2002 2468 2518 2532 ministerialium

607 2571 775 2653 regis
817 2572 1155 2636 consilium
1197 2572 1571 2655 explorandi
1615 2572 2012 2636 occasionem
2058 2571 2291 2654 accepi.
2378 2571 2517 2635 Ad-

603 2674 731 2757 jeci
760 2675 975 2754 etiam,
1008 2675 1183 2761 quod
1223 2675 1278 2738 si
1314 2675 1481 2739 forte
1528 2675 1701 2758 apud
1732 2697 1838 2739 eos
1883 2675 2043 2738 certi
2079 2674 2239 2737 mihi
2270 2673 2520 2737 consilii

609 2784 787 2840 certa
812 2778 1020 2841 forma
1048 2800 1182 2842 non
1213 2785 1566 2862 appareret,
1589 2778 1752 2841 illud
1776 2778 2050 2842 Senonis
2079 2778 2151 2840 in
2180 2777 2518 2842 secretario

613 2878 855 2942 domini
887 2902 1067 2963 papae
1097 2881 1422 2964 explorare
1453 2903 1586 2945 non
1619 2888 1785 2945 esset
1815 2881 2064 2944 inutile.
2159 2879 2291 2942 Sub
2322 2879 2518 2964 hujus

613 2980 1098 3043 consultationis
1159 2981 1430 3045 obtentu
1484 3004 1685 3065 quum
1738 2982 2013 3045 Turonis
2065 2982 2515 3064 pervenissem,

609 3082 828 3144 inveni
872 3105 1065 3166 supra
1107 3085 1472 3147 nominatos
1518 3085 1686 3167 regis
1732 3086 2048 3163 officialeS,
2081 3086 2217 3169 jam
2261 3086 2519 3149 firmato

611 3183 876 3247 consilio
921 3183 1093 3266 quod
1123 3185 1191 3246 in
1223 3185 1601 3247 Arverniam
1633 3185 2203 3266 proficiscerentur,
2234 3186 2372 3267 ipso
2414 3185 2517 3249 die

614 3276 696 3350 ad
731 3296 1034 3364 castrum,
1070 3285 1240 3368 quod
1271 3287 1534 3349 Lucbiae
1575 3284 1968 3361 nominatur,
2001 3286 2316 3366 profectos
2358 3307 2516 3348 esse.

615 3391 793 3457 Quos
824 3412 943 3474 ego
985 3391 1360 3454 continuato
1398 3390 1768 3473 duplomate
1812 3410 2015 3471 usque
2060 3388 2142 3451 ad
2183 3390 2354 3451 idem
2385 3411 2518 3453 cas-

610 3502 787 3559 trum
818 3502 1213 3578 prosecutuS,
1246 3495 1485 3558 ibidem
1515 3494 1916 3557 Willelmum
1962 3494 2168 3556 filium
2200 3491 2519 3559 Hamonis

610 3605 676 3663 et
709 3596 1061 3680 Hugonem
1100 3597 1179 3660 de
1211 3597 1427 3661 Cleers
1471 3596 1700 3679 reperi.
1795 3595 2034 3660 Caeteri
2070 3596 2208 3679 jam
2244 3595 2325 3659 ab
2367 3604 2519 3660 ante

612 3722 907 3764 auroram
932 3700 1014 3764 ad
1035 3707 1317 3763 castrum
1344 3698 1671 3781 Radulphi
1699 3697 1824 3762 iter
1846 3699 2267 3781 arripuerant.
2320 3699 2518 3781 Apud

613 3826 769 3888 quos
794 3827 993 3886 quum
1016 3804 1179 3867 nihil
1200 3803 1449 3867 consilii
1477 3803 1631 3879 fere,
1657 3802 1828 3885 quod
1851 3801 1933 3865 ad
1955 3803 2290 3885 negotium
2320 3803 2518 3866 eccle-

615 3906 724 3969 siae
755 3928 911 3970 meae
942 3906 1278 3983 attinebat,
1309 3905 1718 3983 invenissem,
1751 3905 1986 3987 gaudio
2016 3911 2237 3968 tamen
2267 3906 2519 3987 gavisus

616 4028 780 4085 sum,
812 4007 983 4091 quod
1013 4009 1562 4091 opportunitatem
1603 4008 1817 4091 accepi
1856 4008 2277 4071 conveniendi
2306 4008 2520 4090 ipsum

619 4110 971 4191 Hugonem
1003 4110 1081 4173 de
1112 4111 1327 4173 Cleers
1372 4132 1563 4193 super
1599 4111 1824 4188 literis,
1858 4133 2014 4194 quas
2052 4111 2112 4173 ei
2140 4110 2517 4173 mittebatis·

618 4213 966 4295 Quumque
994 4214 1485 4295 praesensissem,
1519 4214 1690 4296 quod
1717 4213 1800 4276 G.
1823 4214 2087 4277 clericus
2117 4214 2256 4296 ejus
2281 4211 2520 4276 ibidem

617 4336 896 4400 praesens
927 4337 1060 4379 non
1090 4322 1277 4394 esset,
1310 4316 1513 4400 adjeci
1542 4339 1649 4379 me
1676 4317 1748 4380 in
1776 4315 2099 4382 mandatis
2138 4313 2450 4397 accepisse
2481 4337 2522 4378 a

616 4418 813 4498 vobis,
838 4418 1010 4503 quod
1040 4438 1177 4502 eg0,
1203 4418 1256 4481 si
1278 4418 1386 4482 ille
1409 4418 1679 4498 abesset,
1704 4420 1861 4484 etin
1891 4418 2092 4483 literis
2121 4417 2430 4502 legendis,
2455 4424 2522 4482 et
