3200 5392
732 750 863 815 306
1527 769 1847 813 Anonrm

732 884 998 952 omnino
1036 904 1172 950 non
1212 904 1569 968 possumus.
1671 885 1812 950 Rex
1848 885 2128 969 Angliae,
2166 891 2394 969 utpote
2432 885 2680 951 inanis„

734 987 955 1073 gloriae
996 985 1289 1071 cupidus,
1328 985 1398 1050 in
1440 986 1777 1070 colloquio,
1824 987 1998 1071 quod
2039 987 2233 1053 simul
2279 988 2644 1068 habuimus,

730 1091 952 1157 literas
992 1097 1234 1154 vestras
1272 1095 1589 1174 patentes,
1621 1096 1698 1153 ut
1737 1089 1991 1168 dicitur,
2022 1090 2189 1174 parti
2239 1113 2374 1156 suae
2418 1092 2649 1176 gloria-

734 1192 956 1258 bunde
1002 1213 1076 1257 ac
1118 1192 1272 1257 satis
1315 1193 1641 1275 jactanter
1690 1192 1993 1272 ostendit,
2045 1192 2116 1256 in
2168 1194 2405 1277 quibus
2457 1217 2528 1260 os
2579 1201 2648 1259 et

741 1317 973 1361 manus
1016 1294 1262 1360 domini
1292 1294 1795 1374 Cantuariensis,
1832 1300 1971 1360 tam
2012 1295 2085 1359 in
2127 1297 2507 1380 praedictum
2550 1319 2649 1362 re-

737 1419 906 1483 gem,
937 1419 1134 1485 quam
1176 1398 1248 1461 in
1281 1405 1494 1462 totum
1539 1418 1815 1481 regnum
1856 1418 2067 1476 suum,
2099 1420 2174 1463 ac
2218 1420 2521 1482 personas
2566 1400 2648 1464 de

738 1522 960 1585 regno,
1025 1500 1356 1583 suspendit
1414 1505 1626 1565 vestra
1684 1500 2052 1580 auctoritas,
2114 1501 2317 1565 donec
2376 1502 2651 1584 gratiam

739 1603 909 1687 regis
946 1602 1082 1686 ipse
1120 1602 1316 1666 fuerit
1359 1601 1645 1686 plenarie
1689 1609 2092 1668 consecutus.
2184 1603 2361 1669 Quid
2399 1603 2482 1668 ad
2508 1604 2649 1668 haec

739 1704 992 1789 objecta
1027 1704 1411 1789 respondere
1450 1726 1789 1788 possumus
1819 1705 2098 1770 adversae
2135 1707 2323 1791 parti,
2353 1706 2648 1771 videlicet

735 1807 1106 1892 imperatori
1148 1813 1215 1871 et
1266 1806 1686 1872 schismaticis
1729 1807 2195 1872 insultantibus
2239 1808 2446 1887 nobis,
2495 1809 2647 1893 quia

740 1915 992 1994 partem
1021 1915 1296 1974 vestram
1325 1909 1537 1974 fovere
1565 1930 1688 1974 nec
1720 1909 2084 1974 destitimus
2113 1931 2235 1978 nec
2264 1910 2650 1990 desistimus,

745 2012 815 2076 in
855 2017 1160 2097 promptu
1202 2033 1337 2076 non
1378 2009 1712 2090 habemus,
1743 2032 1866 2076 nec
1909 2018 2008 2076 est
2050 2010 2375 2078 facultatis
2419 2021 2655 2078 nostrae

745 2117 1134 2196 adinvenire,
1164 2116 1289 2180 nisi
1328 2136 1447 2179 nos
1486 2122 1699 2179 vestra
1739 2113 1991 2179 subtilis
2027 2115 2407 2180 instruxerit
2445 2117 2517 2179 in
2554 2136 2653 2180 re·

749 2219 1123 2303 spondendo
1159 2217 1473 2283 discretio.
1567 2218 1715 2285 Hoc
1753 2223 1974 2280 autem
2012 2217 2378 2282 meminisse
2406 2219 2654 2282 firmius

747 2325 1168 2408 postulamus,
1216 2323 1366 2406 quia
1416 2319 1711 2406 precibus
1754 2321 2011 2398 nostrie,
2059 2343 2217 2404 quas
2269 2343 2435 2406 saepe
2477 2322 2656 2387 vobis

746 2424 1081 2512 humiliter
1144 2425 1564 2510 porreximus,
1624 2444 1746 2489 nec
1814 2423 2363 2488 intermiscuimus
2420 2425 2652 2503 minas,

745 2549 866 2592 nec
896 2549 1006 2592 vos
1047 2528 1333 2592 diffidare
1373 2526 1919 2610 praesumpsimus.
2012 2526 2188 2593 Quid
2218 2527 2357 2592 haec
2397 2527 2521 2591 sibi
2548 2545 2652 2592 ve-

746 2630 892 2710 lint,
923 2631 1109 2695 facile
1152 2630 1420 2713 potestis
1456 2629 1811 2712 concipere,
1842 2637 1909 2693 et
1952 2628 2089 2693 haec
2133 2629 2217 2693 ad
2257 2630 2525 2714 plenum
2558 2631 2656 2694 in-

749 2732 1091 2816 terpretari
1119 2738 1346 2796 vestrae
1385 2731 1785 2796 discretionis
1824 2731 2217 2814 experientia
2257 2732 2514 2816 plenius
2550 2754 2658 2816 ag-

749 2836 950 2900 novit.
1041 2835 1262 2900 Lateri
1289 2842 1502 2900 vestro
1532 2835 1661 2898 duo
1689 2834 2021 2913 assistunt,
2051 2834 2122 2898 in
2153 2856 2311 2925 quos
2338 2834 2436 2899 rei
2462 2835 2657 2917 hujus

750 2940 939 3023 culpa
988 2938 1374 3004 refunditur.
1469 2937 1598 3001 Sed
1647 2937 1961 3021 quidquid
2010 2958 2130 3001 nos
2184 2959 2471 3020 agamus,
2524 2959 2659 3003 non

750 3049 850 3116 est
894 3042 1310 3107 sublimitatis
1355 3049 1422 3106 et
1467 3039 1868 3105 discretionis
1911 3047 2138 3105 vestrae
2180 3047 2406 3105 contra
2458 3040 2660 3106 scien-

752 3144 913 3209 tiam
944 3166 1138 3209 suasu
1167 3165 1362 3229 pravo
1393 3144 1800 3227 aliquatenus
1831 3142 2101 3206 deviare.

937 3457 1381 3527 EPISTOLA
1425 3446 2025 3526 nul—musone
2053 3479 2149 3523 AD
2179 3480 2481 3528 EUNDEM.

758 3611 1120 3678 Alexandro
1149 3609 1272 3676 Dei
1307 3613 1529 3695 qratia
1571 3632 1806 3675 summo
1837 3587 2144 3694 pontifici,
2173 3587 2519 3672 Dudovicus
2558 3628 2662 3670 ea-

847 3715 983 3778 dem
1018 3715 1236 3797 qratia
1263 3716 1648 3779 Francorum
1675 3735 1812 3793 γεω,
1839 3713 2119 3793 salutem,
2151 3718 2212 3775 et
2255 3710 2522 3774 debitam
2565 3729 2664 3773 re-

845 3817 1202 3879 verentium.

845 3965 956 4029 An
1000 3964 1303 4029 humanae
1351 3963 1611 4048 pietatis
1657 3966 1803 4049 lege
1848 3965 2093 4030 recedit
2139 3964 2330 4043 filius,
2375 3962 2488 4048 qui
2532 3984 2667 4027 ma-

759 4075 930 4134 trem
976 4066 1299 4147 deturbat,
1344 4089 1557 4152 neque
1606 4068 1928 4133 creatoris
1972 4067 2271 4133 beneficii
2314 4065 2668 4131 reminisci-

759 4178 888 4252 tur,
922 4172 1032 4256 qui
1077 4177 1316 4236 sanctae
1354 4170 1636 4235 ecclesiae
1673 4171 1858 4234 illata
1895 4169 2304 4253 turpitudine
2348 4188 2481 4232 non
2523 4168 2669 4231 tris·

759 4281 958 4339 tatur.
1048 4275 1243 4339 Unde
1272 4274 1607 4357 specialius
1647 4279 1745 4336 est
1786 4272 2282 4350 condolendum,
2314 4277 2381 4336 et
2424 4270 2670 4337 novita—

757 4384 893 4441 tem
961 4375 1195 4441 doloris
1254 4375 1491 4454 excitat
1551 4374 1863 4440 inauditae
1921 4374 2172 4440 novitas
2231 4372 2667 4438 crudelitatis:
