3200 5392
619 920 756 964 Am.
794 898 1190 984 1161—89.]
1286 914 1622 962 EPIs'ro'LAE
1653 914 1979 969 ananau.
2397 898 2515 961 181

619 1035 704 1101 ad
745 1057 864 1102 nos
909 1033 1247 1114 direxistis,
1278 1033 1362 1100 ad
1405 1055 1546 1099 eam
1593 1032 1974 1098 direximus:
2021 1032 2158 1118 ipse
2200 1032 2379 1099 vobis
2421 1054 2522 1099 re-

617 1139 783 1203 feret
822 1160 968 1222 quae
1010 1137 1273 1202 audivit.
1361 1138 1714 1221 Postquam
1756 1142 1973 1201 autem
2011 1136 2235 1201 nuncii
2279 1137 2524 1202 domini

616 1241 787 1325 regis
834 1240 916 1305 ab
966 1239 1351 1325 imperatore
1400 1237 1637 1304 reversi
1682 1237 1946 1318 fuerint,
1996 1259 2256 1304 omnem
2305 1260 2524 1304 rerum

616 1345 953 1410 veritatem
1005 1342 1271 1408 sollicite
1321 1342 1699 1428 inquisitam
1748 1342 1928 1406 vobis
1980 1341 2339 1425 significare
2390 1364 2526 1407 non

620 1446 1005 1511 differemus.
1096 1446 1197 1510 Ex
1224 1444 1566 1511 verborum
1610 1450 1835 1510 tenore
1876 1443 2268 1529 perpendere
2311 1449 2522 1528 potes-

616 1550 703 1615 tis
751 1550 1071 1615 dictorum
1117 1548 1461 1614 falsitatem
1492 1573 1507 1612 ε
1562 1547 1714 1631 quia
1766 1546 2234 1632 quinquaginta
2283 1548 2522 1633 episco-

617 1674 751 1736 pos,
798 1673 956 1736 quos
1000 1650 1348 1730 exhiberet,
1392 1671 1508 1716 rex
1549 1671 1684 1716 non
1727 1650 1946 1714 habet.
2035 1651 2176 1715 Nos
2218 1671 2367 1715 vero
2412 1649 2522 1714 de-

616 1757 1001 1821 trimentum
1029 1754 1310 1819 ecclesiae
1340 1774 1462 1818 nec
1491 1753 1827 1832 sustinere,
1860 1759 2177 1837 quantum
2220 1752 2293 1818 in
2335 1752 2524 1818 nobis

617 1865 734 1937 est,
774 1878 1126 1942 possemus,
1157 1877 1280 1921 nec
1306 1855 1540 1921 videre.
1635 1857 1844 1939 Super
1879 1856 1980 1920 his
2021 1856 2281 1921 domino
2320 1876 2521 1940 papae,

619 1958 790 2043 quod
820 1959 997 2024 vobis
1026 1958 1363 2037 videbitur,
1395 1957 1857 2042 significabitis.

659 2279 1103 2344 EPISTOLA
1156 2279 2027 2345 CCCCXXXI.—nsusnnu
2060 2300 2151 2345 An
2184 2299 2481 2343 τΗοΜΑΜ

1270 2402 1873 2447 οΑΝτσΑΒιΕΝεΕΜ.

623 2531 861 2595 Ἠιωηω
888 2533 1321 2596 Cantuariensi
1349 2533 1806 2614 archiepiscopo
1836 2533 2158 2597 Rotrodus
2181 2493 2521 2598 Roihoma-

1185 2634 1397 2716 yemis
1425 2635 1940 2716 archiepiscopus.

703 2781 919 2848 Quum
959 2781 1032 2846 in
1071 2788 1293 2847 mente
1331 2782 1716 2848 haberemus
1751 2785 1979 2850 devote
2016 2806 2133 2870 pro
2173 2790 2355 2868 parte
2382 2805 2519 2849 ves-

613 2890 716 2948 tra
743 2885 1051 2964 laborare,
1085 2886 1351 2949 accessit
1396 2885 1709 2951 desiderio
1754 2894 1974 2952 nostro
2017 2886 2419 2964 mandatum,
2451 2892 2519 2950 et

613 2987 972 3052 exhortatio
1019 2986 1265 3052 domini
1309 3009 1509 3072 papae,
1556 2989 1669 3073 qui
1716 2989 1993 3055 dominae
2035 2995 2274 3054 nostrae
2322 2988 2518 3072 impe-

611 3090 849 3168 ratrici,
895 3095 962 3153 et
1012 3089 1199 3154 nobis
1244 3090 1590 3170 mandavit,
1635 3097 1712 3157 ut
1765 3091 1847 3155 ad
1895 3091 2364 3176 pacificandum
2409 3112 2518 3155 vos

614 3191 876 3254 domino
903 3191 1045 3273 regi
1073 3212 1335 3274 operam
1362 3192 1740 3276 diligentem
1770 3194 2238 3258 adhiberemus·
2323 3193 2519 3258 Unde

611 3291 753 3376 ipsa
810 3298 876 3356 et
936 3314 1073 3369 nos,
1129 3301 1325 3377 ‘prout
1381 3295 1613 3359 melius
1669 3296 1983 3374 novimus,
2044 3304 2110 3360 et
2167 3296 2516 3378 potuimuS,

614 3395 983 3479 scripsimus
1037 3395 1117 3471 ei,
1170 3396 1595 3479 praedicando,
1651 3398 2063 3477 consulendo,
2112 3397 2518 3463 admonendo

612 3519 690 3562 ex
717 3504 901 3582 parte
932 3496 1177 3567 domini
1207 3518 1406 3583 papae,
1438 3505 1504 3563 et
1532 3505 1775 3563 nostra.
1865 3499 2015 3584 Ipse
2046 3499 2264 3564 autern
2292 3499 2515 3579 literis,

612 3602 847 3686 quibus
874 3599 1199 3684 rescripsit
1240 3622 1529 3666 asserens
1570 3623 1680 3666 vos
1720 3623 1855 3667 non
1895 3603 2229 3687 expulisse,
2260 3623 2381 3667 nec
2411 3623 2518 3667 ex-

608 3705 704 3769 ire
761 3704 1059 3787 coegisse,
1121 3702 1201 3767 de
1259 3703 1435 3768 vobis
1493 3712 1882 3790 conquestus
1940 3713 2038 3771 est
2102 3706 2226 3770 hoc
2284 3705 2515 3770 modo:

612 3807 888 3892 Liquido
946 3807 1373 3891 cognoscitur,
1434 3808 1607 3892 quod
1677 3809 1898 3894 inique
1970 3815 2196 3874 contra
2267 3830 2390 3888 me,
2450 3815 2517 3873 et

611 3934 888 3996 regnum
937 3933 1155 3976 meum
1203 3911 1449 3995 egerit3
1514 3934 1709 3996 quam
1759 3934 2123 3998 pomposus,
2171 3934 2368 4000 quam
2417 3933 2518 3976 re-

610 4014 817 4092 bellis,
850 4019 916 4077 et
957 4013 1295 4078 seditiosus
1335 4014 1676 4079 adversum
1718 4037 1823 4080 me
1872 4036 2121 4099 semper
2159 4014 2518 4093 exstiterit3

616 4123 682 4181 et
726 4118 936 4199 quam'
964 4116 1354 4200 nequissime
1394 4139 1635 4185 nomen
1673 4140 1890 4184 meum
1931 4125 1997 4183 et
2036 4117 2275 4184 bonam
2315 4117 2519 4202 opini-

616 4239 809 4287 onem
857 4217 1191 4298 infamare,
1243 4227 1310 4283 et
1364 4214 1715 4304 dignitates
1763 4220 1951 4305 regni
1999 4220 2148 4300 mei,
2197 4221 2270 4283 in
2317 4239 2520 4302 quan-

612 4329 759 4387 tum
786 4321 1021 4405 potuit,
1053 4321 1413 4388 diminuere
1441 4324 1875 4389 attentaverit.
1965 4323 2200 4388 Videte
2239 4321 2294 4385 si
2330 4340 2522 4404 super

611 4425 713 4490 his
754 4424 1065 4488 idoneam
1106 4426 1582 4492 excusationem
1628 4427 1898 4506 habetis,
1945 4433 2012 4492 et
2054 4425 2404 4509 recogitate
2447 4423 2519 4488 in

629 4550 762 4612 qua
787 4526 1172 4592 humilitate.
1187 4534 1253 4593 et
1286 4528 1628 4604 dilectione
1658 4530 1716 4594 ei
1746 4535 2135 4615 praesentare
2164 4527 2438 4612 possitis.
