<?xml version="1.0" encoding="UTF-8"?>
<!DOCTYPE html PUBLIC "-//W3C//DTD XHTML 1.0 Transitional//EN"
    "http://www.w3.org/TR/xhtml1/DTD/xhtml1-transitional.dtd">
<html xmlns="http://www.w3.org/1999/xhtml" xml:lang="en" lang="en">
 <head>
  <title>
</title>
<meta http-equiv="Content-Type" content="text/html;charset=utf-8" />
  <meta name='ocr-system' content='tesseract 3.04.00' />
  <meta name='ocr-capabilities' content='ocr_page ocr_carea ocr_par ocr_line ocrx_word'/>
</head>
<body>
  <div class='ocr_page' id='page_1' title='image "./gilbertiexabbat01gilegoog_0099.png"; bbox 0 0 3200 5392; ppageno 0'>
   <div class='ocr_carea' id='block_1_1' title="bbox 0 10 3172 270">
    <p class='ocr_par' dir='ltr' id='par_1_1' title="bbox 0 10 3172 270">
     <span class='ocr_line' id='line_1_1' title="bbox 0 10 3172 270; baseline 0 5122"><span class='ocrx_word' id='word_1_1' title='bbox 0 10 3172 270; x_wconf 95' lang='lat' dir='ltr'><strong> </strong></span> 
     </span>
    </p>
   </div>
   <div class='ocr_carea' id='block_1_2' title="bbox 599 959 2509 1042">
    <p class='ocr_par' dir='ltr' id='par_1_2' title="bbox 599 959 2509 1042">
     <span class='ocr_line' id='line_1_2' title="bbox 599 959 2509 1042; baseline 0.003 -21"><span class='ocrx_word' id='word_1_2' title='bbox 599 978 735 1021; x_wconf 65' lang='lat' dir='ltr'><strong>Am.</strong></span> <span class='ocrx_word' id='word_1_3' title='bbox 770 959 1170 1042; x_wconf 67' lang='lat'><strong>&#39;1161—-89,]</strong></span> <span class='ocrx_word' id='word_1_4' title='bbox 1272 979 1607 1022; x_wconf 67' lang='lat' dir='ltr'><strong>ermom</strong></span> <span class='ocrx_word' id='word_1_5' title='bbox 1639 979 1961 1029; x_wconf 67' lang='lat' dir='ltr'><strong>numan.</strong></span> <span class='ocrx_word' id='word_1_6' title='bbox 2424 961 2509 1026; x_wconf 83' lang='lat'><strong>83</strong></span> 
     </span>
    </p>
   </div>
   <div class='ocr_carea' id='block_1_3' title="bbox 457 1093 2508 1178">
    <p class='ocr_par' dir='ltr' id='par_1_3' title="bbox 457 1093 2508 1178">
     <span class='ocr_line' id='line_1_3' title="bbox 457 1093 2508 1178; baseline 0.004 -24"><span class='ocrx_word' id='word_1_7' title='bbox 457 1141 466 1154; x_wconf 87' lang='lat'><strong>.</strong></span> <span class='ocrx_word' id='word_1_8' title='bbox 594 1095 779 1158; x_wconf 78' lang='lat' dir='ltr'><strong>nium</strong></span> <span class='ocrx_word' id='word_1_9' title='bbox 809 1096 908 1158; x_wconf 82' lang='lat' dir='ltr'><strong>vel</strong></span> <span class='ocrx_word' id='word_1_10' title='bbox 947 1094 1464 1178; x_wconf 80' lang='lat' dir='ltr'><strong>quinquennium</strong></span> <span class='ocrx_word' id='word_1_11' title='bbox 1505 1093 1786 1159; x_wconf 82' lang='lat' dir='ltr'><strong>debeant</strong></span> <span class='ocrx_word' id='word_1_12' title='bbox 1826 1094 1910 1159; x_wconf 86' lang='lat' dir='ltr'><strong>ab</strong></span> <span class='ocrx_word' id='word_1_13' title='bbox 1952 1095 2365 1160; x_wconf 83' lang='lat' dir='ltr'><strong>ecelesiarum</strong></span> <span class='ocrx_word' id='word_1_14' title='bbox 2407 1098 2508 1162; x_wconf 91' lang='lat' dir='ltr'><strong>in-</strong></span> 
     </span>
    </p>
   </div>
   <div class='ocr_carea' id='block_1_4' title="bbox 593 1196 2520 4562">
    <p class='ocr_par' dir='ltr' id='par_1_4' title="bbox 593 1196 2512 2618">
     <span class='ocr_line' id='line_1_4' title="bbox 593 1196 2507 1282; baseline 0.002 -21"><span class='ocrx_word' id='word_1_15' title='bbox 593 1197 799 1262; x_wconf 87' lang='lat' dir='ltr'><strong>troitu</strong></span> <span class='ocrx_word' id='word_1_16' title='bbox 829 1196 1135 1262; x_wconf 73' lang='lat' dir='ltr'><strong>coerceri.</strong></span> <span class='ocrx_word' id='word_1_17' title='bbox 1231 1196 1440 1279; x_wconf 84' lang='lat' dir='ltr'><strong>Super</strong></span> <span class='ocrx_word' id='word_1_18' title='bbox 1481 1216 1560 1261; x_wconf 88' lang='lat' dir='ltr'><strong>eo</strong></span> <span class='ocrx_word' id='word_1_19' title='bbox 1602 1216 1776 1275; x_wconf 79' lang='lat' dir='ltr'><strong>vero,</strong></span> <span class='ocrx_word' id='word_1_20' title='bbox 1821 1198 1994 1282; x_wconf 86' lang='lat' dir='ltr'><strong>quod</strong></span> <span class='ocrx_word' id='word_1_21' title='bbox 2039 1219 2079 1262; x_wconf 88' lang='lat' dir='ltr'><strong>a</strong></span> <span class='ocrx_word' id='word_1_22' title='bbox 2123 1197 2311 1262; x_wconf 83' lang='lat' dir='ltr'><strong>nobis</strong></span> <span class='ocrx_word' id='word_1_23' title='bbox 2355 1220 2507 1265; x_wconf 92' lang='lat' dir='ltr'><strong>con-</strong></span> 
     </span>
     <span class='ocr_line' id='line_1_5' title="bbox 593 1298 2509 1386; baseline 0.002 -22"><span class='ocrx_word' id='word_1_24' title='bbox 593 1300 811 1364; x_wconf 85' lang='lat' dir='ltr'><strong>silium</strong></span> <span class='ocrx_word' id='word_1_25' title='bbox 836 1298 1196 1384; x_wconf 85' lang='lat' dir='ltr'><strong>postulasti,</strong></span> <span class='ocrx_word' id='word_1_26' title='bbox 1228 1305 1453 1364; x_wconf 88' lang='lat' dir='ltr'><strong>utrum</strong></span> <span class='ocrx_word' id='word_1_27' title='bbox 1485 1299 1805 1364; x_wconf 72' lang='lat' dir='ltr'><strong>scholares</strong></span> <span class='ocrx_word' id='word_1_28' title='bbox 1844 1300 1899 1364; x_wconf 90' lang='lat' dir='ltr'><strong>si</strong></span> <span class='ocrx_word' id='word_1_29' title='bbox 1940 1321 2009 1364; x_wconf 88' lang='lat' dir='ltr'><strong>se</strong></span> <span class='ocrx_word' id='word_1_30' title='bbox 2047 1301 2323 1365; x_wconf 86' lang='lat' dir='ltr'><strong>invicem</strong></span> <span class='ocrx_word' id='word_1_31' title='bbox 2366 1324 2509 1386; x_wconf 87' lang='lat' dir='ltr'><strong>per-</strong></span> 
     </span>
     <span class='ocr_line' id='line_1_6' title="bbox 593 1402 2510 1486; baseline 0.001 -18"><span class='ocrx_word' id='word_1_32' title='bbox 593 1403 931 1481; x_wconf 82' lang='lat' dir='ltr'><strong>cusserint,</strong></span> <span class='ocrx_word' id='word_1_33' title='bbox 978 1403 1048 1466; x_wconf 92' lang='lat' dir='ltr'><strong>in</strong></span> <span class='ocrx_word' id='word_1_34' title='bbox 1101 1403 1294 1486; x_wconf 87' lang='lat' dir='ltr'><strong>plena</strong></span> <span class='ocrx_word' id='word_1_35' title='bbox 1341 1403 1440 1466; x_wconf 81' lang='lat' dir='ltr'><strong>vel</strong></span> <span class='ocrx_word' id='word_1_36' title='bbox 1481 1402 1554 1465; x_wconf 92' lang='lat' dir='ltr'><strong>in</strong></span> <span class='ocrx_word' id='word_1_37' title='bbox 1597 1402 1834 1467; x_wconf 87' lang='lat' dir='ltr'><strong>minori</strong></span> <span class='ocrx_word' id='word_1_38' title='bbox 1876 1410 2092 1481; x_wconf 86' lang='lat' dir='ltr'><strong>aetate,</strong></span> <span class='ocrx_word' id='word_1_39' title='bbox 2137 1404 2352 1468; x_wconf 88' lang='lat' dir='ltr'><strong>elerici</strong></span> <span class='ocrx_word' id='word_1_40' title='bbox 2396 1412 2510 1469; x_wconf 88' lang='lat' dir='ltr'><strong>aut</strong></span> 
     </span>
     <span class='ocr_line' id='line_1_7' title="bbox 594 1504 2507 1588; baseline 0.001 -18"><span class='ocrx_word' id='word_1_41' title='bbox 594 1505 875 1588; x_wconf 84' lang='lat' dir='ltr'><strong>religiosi</strong></span> <span class='ocrx_word' id='word_1_42' title='bbox 905 1505 1023 1570; x_wconf 86' lang='lat' dir='ltr'><strong>viri</strong></span> <span class='ocrx_word' id='word_1_43' title='bbox 1061 1504 1134 1569; x_wconf 89' lang='lat' dir='ltr'><strong>in</strong></span> <span class='ocrx_word' id='word_1_44' title='bbox 1171 1505 1487 1583; x_wconf 77' lang='lat' dir='ltr'><strong>claustris,</strong></span> <span class='ocrx_word' id='word_1_45' title='bbox 1526 1505 1885 1570; x_wconf 88' lang='lat' dir='ltr'><strong>secundum</strong></span> <span class='ocrx_word' id='word_1_46' title='bbox 1927 1526 2243 1570; x_wconf 74' lang='lat' dir='ltr'><strong>canonem</strong></span> <span class='ocrx_word' id='word_1_47' title='bbox 2287 1507 2507 1586; x_wconf 88' lang='lat' dir='ltr'><strong>istum,</strong></span> 
     </span>
     <span class='ocr_line' id='line_1_8' title="bbox 596 1607 2510 1692; baseline 0.002 -21"><span class='ocrx_word' id='word_1_48' title='bbox 596 1629 725 1691; x_wconf 93' lang='lat' dir='ltr'><strong>quo</strong></span> <span class='ocrx_word' id='word_1_49' title='bbox 784 1614 1105 1673; x_wconf 86' lang='lat' dir='ltr'><strong>statutum</strong></span> <span class='ocrx_word' id='word_1_50' title='bbox 1164 1615 1263 1672; x_wconf 85' lang='lat' dir='ltr'><strong>est</strong></span> <span class='ocrx_word' id='word_1_51' title='bbox 1315 1613 1391 1671; x_wconf 92' lang='lat' dir='ltr'><strong>ut</strong></span> <span class='ocrx_word' id='word_1_52' title='bbox 1440 1607 1537 1672; x_wconf 91' lang='lat' dir='ltr'><strong>illi</strong></span> <span class='ocrx_word' id='word_1_53' title='bbox 1597 1609 1710 1692; x_wconf 87' lang='lat' dir='ltr'><strong>qui</strong></span> <span class='ocrx_word' id='word_1_54' title='bbox 1760 1609 1832 1673; x_wconf 90' lang='lat' dir='ltr'><strong>in</strong></span> <span class='ocrx_word' id='word_1_55' title='bbox 1883 1609 2145 1674; x_wconf 88' lang='lat' dir='ltr'><strong>clericos</strong></span> <span class='ocrx_word' id='word_1_56' title='bbox 2197 1610 2510 1676; x_wconf 83' lang='lat' dir='ltr'><strong>violentas</strong></span> 
     </span>
     <span class='ocr_line' id='line_1_9' title="bbox 594 1711 2510 1796; baseline 0.002 -20"><span class='ocrx_word' id='word_1_57' title='bbox 594 1733 827 1776; x_wconf 89' lang='lat' dir='ltr'><strong>manus</strong></span> <span class='ocrx_word' id='word_1_58' title='bbox 885 1711 1211 1796; x_wconf 83' lang='lat' dir='ltr'><strong>injiciunt,</strong></span> <span class='ocrx_word' id='word_1_59' title='bbox 1273 1711 1628 1776; x_wconf 78' lang='lat' dir='ltr'><strong>mittantur</strong></span> <span class='ocrx_word' id='word_1_60' title='bbox 1679 1712 1761 1777; x_wconf 90' lang='lat' dir='ltr'><strong>ad</strong></span> <span class='ocrx_word' id='word_1_61' title='bbox 1815 1714 2233 1796; x_wconf 86' lang='lat' dir='ltr'><strong>apostolicam</strong></span> <span class='ocrx_word' id='word_1_62' title='bbox 2293 1715 2510 1779; x_wconf 86' lang='lat' dir='ltr'><strong>sedem</strong></span> 
     </span>
     <span class='ocr_line' id='line_1_10' title="bbox 595 1813 2510 1900; baseline 0.001 -21"><span class='ocrx_word' id='word_1_63' title='bbox 595 1814 989 1892; x_wconf 77' lang='lat' dir='ltr'><strong>absolvendi,</strong></span> <span class='ocrx_word' id='word_1_64' title='bbox 1023 1813 1306 1880; x_wconf 84' lang='lat' dir='ltr'><strong>debeant</strong></span> <span class='ocrx_word' id='word_1_65' title='bbox 1336 1814 1418 1878; x_wconf 81' lang='lat' dir='ltr'><strong>ad</strong></span> <span class='ocrx_word' id='word_1_66' title='bbox 1448 1814 1723 1879; x_wconf 83' lang='lat' dir='ltr'><strong>eandem</strong></span> <span class='ocrx_word' id='word_1_67' title='bbox 1754 1815 1973 1879; x_wconf 89' lang='lat' dir='ltr'><strong>sedem</strong></span> <span class='ocrx_word' id='word_1_68' title='bbox 2012 1836 2130 1900; x_wconf 89' lang='lat' dir='ltr'><strong>pro</strong></span> <span class='ocrx_word' id='word_1_69' title='bbox 2168 1838 2286 1880; x_wconf 87' lang='lat' dir='ltr'><strong>sua</strong></span> <span class='ocrx_word' id='word_1_70' title='bbox 2328 1816 2510 1881; x_wconf 89' lang='lat' dir='ltr'><strong>abso-</strong></span> 
     </span>
     <span class='ocr_line' id='line_1_11' title="bbox 594 1916 2510 2003; baseline 0.002 -23"><span class='ocrx_word' id='word_1_71' title='bbox 594 1916 841 1982; x_wconf 90' lang='lat' dir='ltr'><strong>lutione</strong></span> <span class='ocrx_word' id='word_1_72' title='bbox 879 1916 1119 1995; x_wconf 87' lang='lat' dir='ltr'><strong>venire,</strong></span> <span class='ocrx_word' id='word_1_73' title='bbox 1157 1916 1563 2000; x_wconf 74' lang='lat' dir='ltr'><strong>inquisitioni</strong></span> <span class='ocrx_word' id='word_1_74' title='bbox 1601 1923 1735 1983; x_wconf 74' lang='lat' dir='ltr'><strong>tuse</strong></span> <span class='ocrx_word' id='word_1_75' title='bbox 1769 1917 1990 1983; x_wconf 83' lang='lat' dir='ltr'><strong>taliter</strong></span> <span class='ocrx_word' id='word_1_76' title='bbox 2026 1919 2510 2003; x_wconf 71' lang='lat' dir='ltr'><strong>respondemus,</strong></span> 
     </span>
     <span class='ocr_line' id='line_1_12' title="bbox 596 2020 2508 2103; baseline 0.001 -19"><span class='ocrx_word' id='word_1_77' title='bbox 596 2020 769 2103; x_wconf 84' lang='lat' dir='ltr'><strong>quod</strong></span> <span class='ocrx_word' id='word_1_78' title='bbox 807 2020 863 2084; x_wconf 90' lang='lat' dir='ltr'><strong>si</strong></span> <span class='ocrx_word' id='word_1_79' title='bbox 905 2020 1120 2085; x_wconf 87' lang='lat' dir='ltr'><strong>elerici</strong></span> <span class='ocrx_word' id='word_1_80' title='bbox 1157 2020 1328 2084; x_wconf 81' lang='lat' dir='ltr'><strong>infra</strong></span> <span class='ocrx_word' id='word_1_81' title='bbox 1368 2020 1646 2103; x_wconf 86' lang='lat' dir='ltr'><strong>puberes</strong></span> <span class='ocrx_word' id='word_1_82' title='bbox 1676 2041 1881 2086; x_wconf 86' lang='lat' dir='ltr'><strong>annos</strong></span> <span class='ocrx_word' id='word_1_83' title='bbox 1922 2042 2060 2086; x_wconf 88' lang='lat' dir='ltr'><strong>sese</strong></span> <span class='ocrx_word' id='word_1_84' title='bbox 2091 2021 2173 2086; x_wconf 87' lang='lat' dir='ltr'><strong>ad</strong></span> <span class='ocrx_word' id='word_1_85' title='bbox 2212 2022 2508 2101; x_wconf 83' lang='lat' dir='ltr'><strong>invicem,</strong></span> 
     </span>
     <span class='ocr_line' id='line_1_13' title="bbox 596 2122 2512 2208; baseline 0.002 -22"><span class='ocrx_word' id='word_1_86' title='bbox 596 2129 709 2187; x_wconf 82' lang='lat' dir='ltr'><strong>aut</strong></span> <span class='ocrx_word' id='word_1_87' title='bbox 738 2143 911 2186; x_wconf 85' lang='lat' dir='ltr'><strong>unus</strong></span> <span class='ocrx_word' id='word_1_88' title='bbox 932 2122 1209 2186; x_wconf 85' lang='lat' dir='ltr'><strong>alterum</strong></span> <span class='ocrx_word' id='word_1_89' title='bbox 1230 2123 1637 2203; x_wconf 81' lang='lat' dir='ltr'><strong>percusserit,</strong></span> <span class='ocrx_word' id='word_1_90' title='bbox 1657 2144 1791 2187; x_wconf 90' lang='lat' dir='ltr'><strong>non</strong></span> <span class='ocrx_word' id='word_1_91' title='bbox 1815 2131 1971 2188; x_wconf 88' lang='lat' dir='ltr'><strong>sunt</strong></span> <span class='ocrx_word' id='word_1_92' title='bbox 1991 2125 2074 2188; x_wconf 86' lang='lat' dir='ltr'><strong>ad</strong></span> <span class='ocrx_word' id='word_1_93' title='bbox 2096 2125 2512 2208; x_wconf 82' lang='lat' dir='ltr'><strong>apostolicam</strong></span> 
     </span>
     <span class='ocr_line' id='line_1_14' title="bbox 596 2223 2511 2306; baseline 0.002 -19"><span class='ocrx_word' id='word_1_94' title='bbox 596 2225 816 2288; x_wconf 89' lang='lat' dir='ltr'><strong>sedem</strong></span> <span class='ocrx_word' id='word_1_95' title='bbox 866 2223 1188 2301; x_wconf 82' lang='lat' dir='ltr'><strong>mittendi,</strong></span> <span class='ocrx_word' id='word_1_96' title='bbox 1239 2224 1391 2306; x_wconf 87' lang='lat' dir='ltr'><strong>quia</strong></span> <span class='ocrx_word' id='word_1_97' title='bbox 1447 2231 1608 2288; x_wconf 83' lang='lat' dir='ltr'><strong>aetas</strong></span> <span class='ocrx_word' id='word_1_98' title='bbox 1654 2245 1761 2289; x_wconf 88' lang='lat' dir='ltr'><strong>eos</strong></span> <span class='ocrx_word' id='word_1_99' title='bbox 1812 2235 2096 2304; x_wconf 86' lang='lat' dir='ltr'><strong>excusat,</strong></span> <span class='ocrx_word' id='word_1_100' title='bbox 2150 2247 2272 2290; x_wconf 89' lang='lat' dir='ltr'><strong>nec</strong></span> <span class='ocrx_word' id='word_1_101' title='bbox 2315 2227 2511 2291; x_wconf 86' lang='lat' dir='ltr'><strong>etiam</strong></span> 
     </span>
     <span class='ocr_line' id='line_1_15' title="bbox 594 2326 2512 2409; baseline 0.001 -19"><span class='ocrx_word' id='word_1_102' title='bbox 594 2327 826 2405; x_wconf 83' lang='lat' dir='ltr'><strong>cleriei,</strong></span> <span class='ocrx_word' id='word_1_103' title='bbox 872 2327 927 2390; x_wconf 91' lang='lat' dir='ltr'><strong>si</strong></span> <span class='ocrx_word' id='word_1_104' title='bbox 972 2326 1102 2390; x_wconf 88' lang='lat' dir='ltr'><strong>sint</strong></span> <span class='ocrx_word' id='word_1_105' title='bbox 1146 2327 1355 2409; x_wconf 82' lang='lat' dir='ltr'><strong>plenae</strong></span> <span class='ocrx_word' id='word_1_106' title='bbox 1397 2327 1608 2390; x_wconf 83' lang='lat' dir='ltr'><strong>aetatis</strong></span> <span class='ocrx_word' id='word_1_107' title='bbox 1655 2336 1722 2391; x_wconf 92' lang='lat' dir='ltr'><strong>et</strong></span> <span class='ocrx_word' id='word_1_108' title='bbox 1771 2347 1906 2390; x_wconf 91' lang='lat' dir='ltr'><strong>non</strong></span> <span class='ocrx_word' id='word_1_109' title='bbox 1954 2327 2035 2391; x_wconf 85' lang='lat' dir='ltr'><strong>de</strong></span> <span class='ocrx_word' id='word_1_110' title='bbox 2083 2328 2230 2391; x_wconf 89' lang='lat' dir='ltr'><strong>odio</strong></span> <span class='ocrx_word' id='word_1_111' title='bbox 2269 2328 2369 2391; x_wconf 88' lang='lat' dir='ltr'><strong>vel</strong></span> <span class='ocrx_word' id='word_1_112' title='bbox 2411 2329 2512 2392; x_wconf 89' lang='lat' dir='ltr'><strong>in·</strong></span> 
     </span>
     <span class='ocr_line' id='line_1_16' title="bbox 593 2429 2509 2521; baseline 0.001 -28"><span class='ocrx_word' id='word_1_113' title='bbox 593 2430 761 2494; x_wconf 85' lang='lat' dir='ltr'><strong>vidia</strong></span> <span class='ocrx_word' id='word_1_114' title='bbox 790 2432 889 2494; x_wconf 83' lang='lat' dir='ltr'><strong>vel</strong></span> <span class='ocrx_word' id='word_1_115' title='bbox 932 2429 1401 2521; x_wconf 78' lang='lat' dir='ltr'><strong>indignatione,</strong></span> <span class='ocrx_word' id='word_1_116' title='bbox 1445 2429 1558 2493; x_wconf 88' lang='lat' dir='ltr'><strong>sed</strong></span> <span class='ocrx_word' id='word_1_117' title='bbox 1602 2430 1864 2495; x_wconf 88' lang='lat' dir='ltr'><strong>levitate</strong></span> <span class='ocrx_word' id='word_1_118' title='bbox 1901 2431 2125 2514; x_wconf 89' lang='lat' dir='ltr'><strong>jocosa</strong></span> <span class='ocrx_word' id='word_1_119' title='bbox 2168 2453 2236 2495; x_wconf 87' lang='lat' dir='ltr'><strong>se</strong></span> <span class='ocrx_word' id='word_1_120' title='bbox 2284 2431 2367 2494; x_wconf 86' lang='lat' dir='ltr'><strong>ad</strong></span> <span class='ocrx_word' id='word_1_121' title='bbox 2410 2431 2509 2494; x_wconf 89' lang='lat' dir='ltr'><strong>in-</strong></span> 
     </span>
     <span class='ocr_line' id='line_1_17' title="bbox 597 2532 1561 2618; baseline -0.001 -21"><span class='ocrx_word' id='word_1_122' title='bbox 597 2534 800 2598; x_wconf 81' lang='lat' dir='ltr'><strong>vicem</strong></span> <span class='ocrx_word' id='word_1_123' title='bbox 831 2539 1170 2618; x_wconf 73' lang='lat' dir='ltr'><strong>percutere</strong></span> <span class='ocrx_word' id='word_1_124' title='bbox 1199 2532 1561 2615; x_wconf 77' lang='lat' dir='ltr'><strong>contingat.</strong></span> 
     </span>
    </p>

    <p class='ocr_par' dir='ltr' id='par_1_5' title="bbox 593 2635 2520 4562">
     <span class='ocr_line' id='line_1_18' title="bbox 681 2635 2510 2720; baseline 0 -20"><span class='ocrx_word' id='word_1_125' title='bbox 681 2637 826 2701; x_wconf 87' lang='lat' dir='ltr'><strong>Nec</strong></span> <span class='ocrx_word' id='word_1_126' title='bbox 869 2636 1196 2720; x_wconf 86' lang='lat' dir='ltr'><strong>magister,</strong></span> <span class='ocrx_word' id='word_1_127' title='bbox 1243 2636 1298 2699; x_wconf 88' lang='lat' dir='ltr'><strong>si</strong></span> <span class='ocrx_word' id='word_1_128' title='bbox 1339 2635 1698 2700; x_wconf 72' lang='lat' dir='ltr'><strong>scholarem</strong></span> <span class='ocrx_word' id='word_1_129' title='bbox 1742 2636 2047 2701; x_wconf 81' lang='lat' dir='ltr'><strong>clericum</strong></span> <span class='ocrx_word' id='word_1_130' title='bbox 2092 2637 2341 2702; x_wconf 89' lang='lat' dir='ltr'><strong>intuitu</strong></span> <span class='ocrx_word' id='word_1_131' title='bbox 2383 2637 2510 2700; x_wconf 89' lang='lat' dir='ltr'><strong>dis-</strong></span> 
     </span>
     <span class='ocr_line' id='line_1_19' title="bbox 594 2739 2511 2826; baseline 0.001 -23"><span class='ocrx_word' id='word_1_132' title='bbox 594 2739 849 2826; x_wconf 82' lang='lat' dir='ltr'><strong>eiplinae</strong></span> <span class='ocrx_word' id='word_1_133' title='bbox 879 2741 981 2803; x_wconf 88' lang='lat' dir='ltr'><strong>vel</strong></span> <span class='ocrx_word' id='word_1_134' title='bbox 1023 2739 1437 2804; x_wconf 79' lang='lat' dir='ltr'><strong>correctionis</strong></span> <span class='ocrx_word' id='word_1_135' title='bbox 1480 2740 1885 2823; x_wconf 88' lang='lat' dir='ltr'><strong>percusserit,</strong></span> <span class='ocrx_word' id='word_1_136' title='bbox 1926 2740 2075 2824; x_wconf 89' lang='lat' dir='ltr'><strong>quia</strong></span> <span class='ocrx_word' id='word_1_137' title='bbox 2120 2761 2254 2805; x_wconf 90' lang='lat' dir='ltr'><strong>non</strong></span> <span class='ocrx_word' id='word_1_138' title='bbox 2299 2747 2511 2824; x_wconf 87' lang='lat' dir='ltr'><strong>potest</strong></span> 
     </span>
     <span class='ocr_line' id='line_1_20' title="bbox 593 2841 2511 2926; baseline -0.001 -20"><span class='ocrx_word' id='word_1_139' title='bbox 593 2842 666 2906; x_wconf 90' lang='lat' dir='ltr'><strong>in</strong></span> <span class='ocrx_word' id='word_1_140' title='bbox 686 2842 840 2926; x_wconf 87' lang='lat' dir='ltr'><strong>ipsis</strong></span> <span class='ocrx_word' id='word_1_141' title='bbox 861 2863 1178 2906; x_wconf 85' lang='lat' dir='ltr'><strong>manuum</strong></span> <span class='ocrx_word' id='word_1_142' title='bbox 1207 2841 1473 2926; x_wconf 88' lang='lat' dir='ltr'><strong>injectio</strong></span> <span class='ocrx_word' id='word_1_143' title='bbox 1501 2841 1784 2926; x_wconf 87' lang='lat' dir='ltr'><strong>violenta</strong></span> <span class='ocrx_word' id='word_1_144' title='bbox 1812 2842 2045 2907; x_wconf 87' lang='lat' dir='ltr'><strong>notari.</strong></span> <span class='ocrx_word' id='word_1_145' title='bbox 2110 2842 2433 2907; x_wconf 86' lang='lat' dir='ltr'><strong>Caeterum</strong></span> <span class='ocrx_word' id='word_1_146' title='bbox 2456 2841 2511 2904; x_wconf 89' lang='lat' dir='ltr'><strong>si</strong></span> 
     </span>
     <span class='ocr_line' id='line_1_21' title="bbox 598 2939 2510 3028; baseline -0.001 -18"><span class='ocrx_word' id='word_1_147' title='bbox 598 2967 678 3010; x_wconf 83' lang='lat' dir='ltr'><strong>ex</strong></span> <span class='ocrx_word' id='word_1_148' title='bbox 706 2946 854 3010; x_wconf 86' lang='lat' dir='ltr'><strong>odio</strong></span> <span class='ocrx_word' id='word_1_149' title='bbox 881 2939 1080 3010; x_wconf 86' lang='lat' dir='ltr'><strong>iidem</strong></span> <span class='ocrx_word' id='word_1_150' title='bbox 1110 2945 1429 3010; x_wconf 74' lang='lat' dir='ltr'><strong>scholares</strong></span> <span class='ocrx_word' id='word_1_151' title='bbox 1459 2945 1559 3009; x_wconf 88' lang='lat' dir='ltr'><strong>vel</strong></span> <span class='ocrx_word' id='word_1_152' title='bbox 1586 2945 1907 3010; x_wconf 87' lang='lat' dir='ltr'><strong>seculares</strong></span> <span class='ocrx_word' id='word_1_153' title='bbox 1937 2945 2151 3010; x_wconf 90' lang='lat' dir='ltr'><strong>clerici</strong></span> <span class='ocrx_word' id='word_1_154' title='bbox 2196 2966 2334 3015; x_wconf 80' lang='lat' dir='ltr'><strong>sese</strong></span> <span class='ocrx_word' id='word_1_155' title='bbox 2369 2966 2510 3028; x_wconf 89' lang='lat' dir='ltr'><strong>per-</strong></span> 
     </span>
     <span class='ocr_line' id='line_1_22' title="bbox 597 3047 2513 3131; baseline -0.001 -18"><span class='ocrx_word' id='word_1_156' title='bbox 597 3048 937 3127; x_wconf 86' lang='lat' dir='ltr'><strong>cusserint,</strong></span> <span class='ocrx_word' id='word_1_157' title='bbox 968 3069 1084 3131; x_wconf 86' lang='lat' dir='ltr'><strong>pro</strong></span> <span class='ocrx_word' id='word_1_158' title='bbox 1113 3069 1232 3111; x_wconf 87' lang='lat' dir='ltr'><strong>sua</strong></span> <span class='ocrx_word' id='word_1_159' title='bbox 1259 3048 1664 3113; x_wconf 88' lang='lat' dir='ltr'><strong>absolutione</strong></span> <span class='ocrx_word' id='word_1_160' title='bbox 1694 3047 1935 3112; x_wconf 85' lang='lat' dir='ltr'><strong>debent</strong></span> <span class='ocrx_word' id='word_1_161' title='bbox 1974 3047 2058 3112; x_wconf 88' lang='lat' dir='ltr'><strong>ad</strong></span> <span class='ocrx_word' id='word_1_162' title='bbox 2098 3047 2513 3130; x_wconf 88' lang='lat' dir='ltr'><strong>apostolicam</strong></span> 
     </span>
     <span class='ocr_line' id='line_1_23' title="bbox 597 3150 2512 3240; baseline 0 -25"><span class='ocrx_word' id='word_1_163' title='bbox 597 3152 816 3216; x_wconf 87' lang='lat' dir='ltr'><strong>sedem</strong></span> <span class='ocrx_word' id='word_1_164' title='bbox 832 3151 1069 3215; x_wconf 88' lang='lat' dir='ltr'><strong>venire.</strong></span> <span class='ocrx_word' id='word_1_165' title='bbox 1101 3150 1414 3216; x_wconf 85' lang='lat' dir='ltr'><strong>Monaehi</strong></span> <span class='ocrx_word' id='word_1_166' title='bbox 1431 3172 1581 3216; x_wconf 85' lang='lat' dir='ltr'><strong>vero</strong></span> <span class='ocrx_word' id='word_1_167' title='bbox 1598 3158 1666 3215; x_wconf 90' lang='lat' dir='ltr'><strong>et</strong></span> <span class='ocrx_word' id='word_1_168' title='bbox 1684 3151 1978 3216; x_wconf 88' lang='lat' dir='ltr'><strong>canonici</strong></span> <span class='ocrx_word' id='word_1_169' title='bbox 1996 3151 2342 3233; x_wconf 84' lang='lat' dir='ltr'><strong>regulares,</strong></span> <span class='ocrx_word' id='word_1_170' title='bbox 2357 3172 2512 3240; x_wconf 90' lang='lat' dir='ltr'><strong>quo-</strong></span> 
     </span>
     <span class='ocr_line' id='line_1_24' title="bbox 597 3254 2514 3336; baseline -0.001 -17"><span class='ocrx_word' id='word_1_171' title='bbox 597 3273 875 3336; x_wconf 87' lang='lat' dir='ltr'><strong>cumque</strong></span> <span class='ocrx_word' id='word_1_172' title='bbox 903 3254 1097 3317; x_wconf 89' lang='lat' dir='ltr'><strong>modo</strong></span> <span class='ocrx_word' id='word_1_173' title='bbox 1125 3275 1263 3317; x_wconf 86' lang='lat' dir='ltr'><strong>sese</strong></span> <span class='ocrx_word' id='word_1_174' title='bbox 1290 3254 1362 3316; x_wconf 89' lang='lat' dir='ltr'><strong>in</strong></span> <span class='ocrx_word' id='word_1_175' title='bbox 1393 3255 1678 3318; x_wconf 85' lang='lat' dir='ltr'><strong>elaustro</strong></span> <span class='ocrx_word' id='word_1_176' title='bbox 1703 3254 2160 3336; x_wconf 83' lang='lat' dir='ltr'><strong>percusserint,</strong></span> <span class='ocrx_word' id='word_1_177' title='bbox 2192 3273 2326 3316; x_wconf 89' lang='lat' dir='ltr'><strong>non</strong></span> <span class='ocrx_word' id='word_1_178' title='bbox 2358 3263 2514 3318; x_wconf 91' lang='lat' dir='ltr'><strong>sunt</strong></span> 
     </span>
     <span class='ocr_line' id='line_1_25' title="bbox 598 3354 2516 3436; baseline -0.002 -15"><span class='ocrx_word' id='word_1_179' title='bbox 598 3356 682 3421; x_wconf 84' lang='lat' dir='ltr'><strong>ad</strong></span> <span class='ocrx_word' id='word_1_180' title='bbox 711 3355 985 3419; x_wconf 83' lang='lat' dir='ltr'><strong>eandem</strong></span> <span class='ocrx_word' id='word_1_181' title='bbox 1022 3354 1348 3431; x_wconf 84' lang='lat' dir='ltr'><strong>mittendi,</strong></span> <span class='ocrx_word' id='word_1_182' title='bbox 1381 3355 1494 3417; x_wconf 84' lang='lat' dir='ltr'><strong>sed</strong></span> <span class='ocrx_word' id='word_1_183' title='bbox 1533 3355 1892 3418; x_wconf 83' lang='lat' dir='ltr'><strong>seeundum</strong></span> <span class='ocrx_word' id='word_1_184' title='bbox 1930 3355 2403 3436; x_wconf 85' lang='lat' dir='ltr'><strong>providentiam</strong></span> <span class='ocrx_word' id='word_1_185' title='bbox 2448 3362 2516 3418; x_wconf 86' lang='lat' dir='ltr'><strong>et</strong></span> 
     </span>
     <span class='ocr_line' id='line_1_26' title="bbox 600 3452 2516 3537; baseline -0.003 -14"><span class='ocrx_word' id='word_1_186' title='bbox 600 3456 1056 3523; x_wconf 83' lang='lat' dir='ltr'><strong>discretionem</strong></span> <span class='ocrx_word' id='word_1_187' title='bbox 1100 3454 1202 3518; x_wconf 90' lang='lat' dir='ltr'><strong>sui</strong></span> <span class='ocrx_word' id='word_1_188' title='bbox 1246 3453 1516 3532; x_wconf 85' lang='lat' dir='ltr'><strong>abbatis,</strong></span> <span class='ocrx_word' id='word_1_189' title='bbox 1555 3454 1909 3537; x_wconf 72' lang='lat' dir='ltr'><strong>disciplinae</strong></span> <span class='ocrx_word' id='word_1_190' title='bbox 1954 3452 2336 3517; x_wconf 85' lang='lat' dir='ltr'><strong>subdantur.</strong></span> <span class='ocrx_word' id='word_1_191' title='bbox 2426 3454 2516 3518; x_wconf 87' lang='lat' dir='ltr'><strong>Et</strong></span> 
     </span>
     <span class='ocr_line' id='line_1_27' title="bbox 600 3554 2520 3626; baseline -0.005 1"><span class='ocrx_word' id='word_1_192' title='bbox 600 3563 654 3626; x_wconf 86' lang='lat' dir='ltr'><strong>si</strong></span> <span class='ocrx_word' id='word_1_193' title='bbox 698 3559 1000 3626; x_wconf 84' lang='lat' dir='ltr'><strong>discretio</strong></span> <span class='ocrx_word' id='word_1_194' title='bbox 1044 3557 1299 3622; x_wconf 84' lang='lat' dir='ltr'><strong>abbatis</strong></span> <span class='ocrx_word' id='word_1_195' title='bbox 1338 3573 1471 3619; x_wconf 86' lang='lat' dir='ltr'><strong>non</strong></span> <span class='ocrx_word' id='word_1_196' title='bbox 1515 3555 1752 3619; x_wconf 88' lang='lat' dir='ltr'><strong>sufficit</strong></span> <span class='ocrx_word' id='word_1_197' title='bbox 1792 3555 1875 3618; x_wconf 86' lang='lat' dir='ltr'><strong>ad</strong></span> <span class='ocrx_word' id='word_1_198' title='bbox 1914 3574 2139 3618; x_wconf 86' lang='lat' dir='ltr'><strong>eorum</strong></span> <span class='ocrx_word' id='word_1_199' title='bbox 2179 3554 2520 3618; x_wconf 83' lang='lat' dir='ltr'><strong>correctio-</strong></span> 
     </span>
     <span class='ocr_line' id='line_1_28' title="bbox 601 3655 2517 3743; baseline -0.005 -13"><span class='ocrx_word' id='word_1_200' title='bbox 601 3683 772 3743; x_wconf 87' lang='lat' dir='ltr'><strong>nem,</strong></span> <span class='ocrx_word' id='word_1_201' title='bbox 805 3671 905 3729; x_wconf 88' lang='lat' dir='ltr'><strong>est</strong></span> <span class='ocrx_word' id='word_1_202' title='bbox 945 3660 1317 3727; x_wconf 83' lang='lat' dir='ltr'><strong>dioecesiani</strong></span> <span class='ocrx_word' id='word_1_203' title='bbox 1361 3658 1644 3743; x_wconf 84' lang='lat' dir='ltr'><strong>episcopi</strong></span> <span class='ocrx_word' id='word_1_204' title='bbox 1687 3657 2090 3742; x_wconf 82' lang='lat' dir='ltr'><strong>providentia</strong></span> <span class='ocrx_word' id='word_1_205' title='bbox 2129 3655 2517 3721; x_wconf 79' lang='lat' dir='ltr'><strong>adhibenda.</strong></span> 
     </span>
     <span class='ocr_line' id='line_1_29' title="bbox 602 3759 2516 3849; baseline -0.005 -17"><span class='ocrx_word' id='word_1_206' title='bbox 602 3769 675 3833; x_wconf 77' lang='lat' dir='ltr'><strong>Si</strong></span> <span class='ocrx_word' id='word_1_207' title='bbox 700 3787 855 3831; x_wconf 76' lang='lat' dir='ltr'><strong>vem</strong></span> <span class='ocrx_word' id='word_1_208' title='bbox 895 3764 1122 3849; x_wconf 77' lang='lat' dir='ltr'><strong>aliquis</strong></span> <span class='ocrx_word' id='word_1_209' title='bbox 1162 3763 1436 3848; x_wconf 75' lang='lat' dir='ltr'><strong>alicujus</strong></span> <span class='ocrx_word' id='word_1_210' title='bbox 1475 3762 1816 3846; x_wconf 87' lang='lat' dir='ltr'><strong>potestatis</strong></span> <span class='ocrx_word' id='word_1_211' title='bbox 1855 3759 2173 3839; x_wconf 74' lang='lat' dir='ltr'><strong>ostiariuS,</strong></span> <span class='ocrx_word' id='word_1_212' title='bbox 2205 3759 2327 3824; x_wconf 86' lang='lat' dir='ltr'><strong>sub</strong></span> <span class='ocrx_word' id='word_1_213' title='bbox 2358 3781 2516 3844; x_wconf 84' lang='lat' dir='ltr'><strong>prae-</strong></span> 
     </span>
     <span class='ocr_line' id='line_1_30' title="bbox 600 3857 2516 3951; baseline -0.005 -14"><span class='ocrx_word' id='word_1_214' title='bbox 600 3879 787 3937; x_wconf 83' lang='lat' dir='ltr'><strong>textu</strong></span> <span class='ocrx_word' id='word_1_215' title='bbox 815 3870 1007 3935; x_wconf 82' lang='lat' dir='ltr'><strong>officii</strong></span> <span class='ocrx_word' id='word_1_216' title='bbox 1047 3870 1147 3933; x_wconf 89' lang='lat' dir='ltr'><strong>sni</strong></span> <span class='ocrx_word' id='word_1_217' title='bbox 1183 3868 1579 3951; x_wconf 79' lang='lat' dir='ltr'><strong>malignatus</strong></span> <span class='ocrx_word' id='word_1_218' title='bbox 1622 3857 1929 3930; x_wconf 78' lang='lat' dir='ltr'><strong>clericum</strong></span> <span class='ocrx_word' id='word_1_219' title='bbox 1967 3863 2223 3943; x_wconf 80' lang='lat' dir='ltr'><strong>laeserit,</strong></span> <span class='ocrx_word' id='word_1_220' title='bbox 2256 3864 2339 3929; x_wconf 92' lang='lat' dir='ltr'><strong>ab</strong></span> <span class='ocrx_word' id='word_1_221' title='bbox 2383 3866 2516 3949; x_wconf 85' lang='lat' dir='ltr'><strong>epi-</strong></span> 
     </span>
     <span class='ocr_line' id='line_1_31' title="bbox 599 3970 2517 4063; baseline -0.005 -19"><span class='ocrx_word' id='word_1_222' title='bbox 599 4000 791 4063; x_wconf 85' lang='lat' dir='ltr'><strong>scopo</strong></span> <span class='ocrx_word' id='word_1_223' title='bbox 830 3997 948 4042; x_wconf 85' lang='lat' dir='ltr'><strong>suo</strong></span> <span class='ocrx_word' id='word_1_224' title='bbox 976 3983 1189 4060; x_wconf 84' lang='lat' dir='ltr'><strong>potest</strong></span> <span class='ocrx_word' id='word_1_225' title='bbox 1219 3973 1478 4051; x_wconf 88' lang='lat' dir='ltr'><strong>absolvi,</strong></span> <span class='ocrx_word' id='word_1_226' title='bbox 1510 3973 1638 4036; x_wconf 83' lang='lat' dir='ltr'><strong>nisi</strong></span> <span class='ocrx_word' id='word_1_227' title='bbox 1679 3972 1844 4036; x_wconf 77' lang='lat' dir='ltr'><strong>forte</strong></span> <span class='ocrx_word' id='word_1_228' title='bbox 1889 3970 2169 4036; x_wconf 87' lang='lat' dir='ltr'><strong>eundem</strong></span> <span class='ocrx_word' id='word_1_229' title='bbox 2210 3970 2517 4035; x_wconf 80' lang='lat' dir='ltr'><strong>clericum</strong></span> 
     </span>
     <span class='ocr_line' id='line_1_32' title="bbox 603 4074 2518 4166; baseline -0.005 -20"><span class='ocrx_word' id='word_1_230' title='bbox 603 4082 883 4166; x_wconf 80' lang='lat' dir='ltr'><strong>graviter</strong></span> <span class='ocrx_word' id='word_1_231' title='bbox 920 4076 1367 4147; x_wconf 78' lang='lat' dir='ltr'><strong>vulneraverit.</strong></span> <span class='ocrx_word' id='word_1_232' title='bbox 1461 4075 1772 4139; x_wconf 82' lang='lat' dir='ltr'><strong>Officialis</strong></span> <span class='ocrx_word' id='word_1_233' title='bbox 1818 4081 1950 4157; x_wconf 80' lang='lat' dir='ltr'><strong>pro</strong></span> <span class='ocrx_word' id='word_1_234' title='bbox 1985 4074 2338 4158; x_wconf 78' lang='lat' dir='ltr'><strong>injectione</strong></span> <span class='ocrx_word' id='word_1_235' title='bbox 2380 4095 2518 4138; x_wconf 88' lang='lat' dir='ltr'><strong>ma-</strong></span> 
     </span>
     <span class='ocr_line' id='line_1_33' title="bbox 603 4176 2519 4262; baseline -0.005 -14"><span class='ocrx_word' id='word_1_236' title='bbox 603 4204 811 4248; x_wconf 88' lang='lat' dir='ltr'><strong>nuum</strong></span> <span class='ocrx_word' id='word_1_237' title='bbox 849 4184 921 4246; x_wconf 89' lang='lat' dir='ltr'><strong>in</strong></span> <span class='ocrx_word' id='word_1_238' title='bbox 960 4182 1264 4247; x_wconf 87' lang='lat' dir='ltr'><strong>clericum</strong></span> <span class='ocrx_word' id='word_1_239' title='bbox 1307 4201 1443 4244; x_wconf 84' lang='lat' dir='ltr'><strong>non</strong></span> <span class='ocrx_word' id='word_1_240' title='bbox 1477 4185 1692 4262; x_wconf 86' lang='lat' dir='ltr'><strong>potest</strong></span> <span class='ocrx_word' id='word_1_241' title='bbox 1727 4177 1866 4241; x_wconf 84' lang='lat' dir='ltr'><strong>sine</strong></span> <span class='ocrx_word' id='word_1_242' title='bbox 1896 4176 2206 4241; x_wconf 80' lang='lat' dir='ltr'><strong>mandato</strong></span> <span class='ocrx_word' id='word_1_243' title='bbox 2236 4176 2519 4241; x_wconf 86' lang='lat' dir='ltr'><strong>Romani</strong></span> 
     </span>
     <span class='ocr_line' id='line_1_34' title="bbox 601 4278 2516 4370; baseline -0.006 -20"><span class='ocrx_word' id='word_1_244' title='bbox 601 4285 942 4370; x_wconf 87' lang='lat' dir='ltr'><strong>pontificis,</strong></span> <span class='ocrx_word' id='word_1_245' title='bbox 1003 4281 1422 4349; x_wconf 87' lang='lat' dir='ltr'><strong>absolutionis</strong></span> <span class='ocrx_word' id='word_1_246' title='bbox 1481 4279 1868 4344; x_wconf 88' lang='lat' dir='ltr'><strong>beneficium</strong></span> <span class='ocrx_word' id='word_1_247' title='bbox 1932 4279 2301 4362; x_wconf 86' lang='lat' dir='ltr'><strong>promereri,</strong></span> <span class='ocrx_word' id='word_1_248' title='bbox 2365 4278 2516 4360; x_wconf 89' lang='lat' dir='ltr'><strong>quia</strong></span> 
     </span>
     <span class='ocr_line' id='line_1_35' title="bbox 603 4378 2519 4469; baseline -0.005 -17"><span class='ocrx_word' id='word_1_249' title='bbox 603 4387 767 4454; x_wconf 85' lang='lat' dir='ltr'><strong>nulli</strong></span> <span class='ocrx_word' id='word_1_250' title='bbox 796 4386 958 4450; x_wconf 87' lang='lat' dir='ltr'><strong>laico</strong></span> <span class='ocrx_word' id='word_1_251' title='bbox 985 4392 1172 4450; x_wconf 85' lang='lat' dir='ltr'><strong>tanta</strong></span> <span class='ocrx_word' id='word_1_252' title='bbox 1201 4405 1392 4469; x_wconf 88' lang='lat' dir='ltr'><strong>super</strong></span> <span class='ocrx_word' id='word_1_253' title='bbox 1421 4383 1726 4448; x_wconf 85' lang='lat' dir='ltr'><strong>clericum</strong></span> <span class='ocrx_word' id='word_1_254' title='bbox 1764 4381 1957 4445; x_wconf 86' lang='lat' dir='ltr'><strong>datur</strong></span> <span class='ocrx_word' id='word_1_255' title='bbox 1985 4380 2355 4455; x_wconf 86' lang='lat' dir='ltr'><strong>auctoritas,</strong></span> <span class='ocrx_word' id='word_1_256' title='bbox 2387 4378 2519 4442; x_wconf 89' lang='lat' dir='ltr'><strong>nisi</strong></span> 
     </span>
     <span class='ocr_line' id='line_1_36' title="bbox 604 4480 2518 4562; baseline -0.007 -8"><span class='ocrx_word' id='word_1_257' title='bbox 604 4490 773 4554; x_wconf 89' lang='lat' dir='ltr'><strong>forte</strong></span> <span class='ocrx_word' id='word_1_258' title='bbox 815 4488 1077 4553; x_wconf 85' lang='lat' dir='ltr'><strong>turbam</strong></span> <span class='ocrx_word' id='word_1_259' title='bbox 1129 4486 1405 4551; x_wconf 87' lang='lat' dir='ltr'><strong>arcendo</strong></span> <span class='ocrx_word' id='word_1_260' title='bbox 1455 4485 1837 4562; x_wconf 87' lang='lat' dir='ltr'><strong>irruentem,</strong></span> <span class='ocrx_word' id='word_1_261' title='bbox 1889 4503 2027 4547; x_wconf 90' lang='lat' dir='ltr'><strong>non</strong></span> <span class='ocrx_word' id='word_1_262' title='bbox 2076 4503 2156 4545; x_wconf 86' lang='lat' dir='ltr'><strong>ex</strong></span> <span class='ocrx_word' id='word_1_263' title='bbox 2207 4480 2518 4543; x_wconf 86' lang='lat' dir='ltr'><strong>delibera-</strong></span> 
     </span>
    </p>
   </div>
   <div class='ocr_carea' id='block_1_5' title="bbox 605 4582 2518 4752">
    <p class='ocr_par' dir='ltr' id='par_1_6' title="bbox 605 4582 2518 4752">
     <span class='ocr_line' id='line_1_37' title="bbox 605 4582 2518 4658; baseline -0.007 0"><span class='ocrx_word' id='word_1_264' title='bbox 605 4594 785 4658; x_wconf 86' lang='lat' dir='ltr'><strong>tione</strong></span> <span class='ocrx_word' id='word_1_265' title='bbox 817 4591 928 4657; x_wconf 89' lang='lat' dir='ltr'><strong>sed</strong></span> <span class='ocrx_word' id='word_1_266' title='bbox 958 4590 1228 4657; x_wconf 85' lang='lat' dir='ltr'><strong>fortuito</strong></span> <span class='ocrx_word' id='word_1_267' title='bbox 1257 4612 1410 4654; x_wconf 87' lang='lat' dir='ltr'><strong>casu</strong></span> <span class='ocrx_word' id='word_1_268' title='bbox 1446 4589 1752 4653; x_wconf 89' lang='lat' dir='ltr'><strong>clericum</strong></span> <span class='ocrx_word' id='word_1_269' title='bbox 1792 4584 2006 4649; x_wconf 84' lang='lat' dir='ltr'><strong>laedat.</strong></span> <span class='ocrx_word' id='word_1_270' title='bbox 2100 4582 2172 4647; x_wconf 85' lang='lat' dir='ltr'><strong>Si</strong></span> <span class='ocrx_word' id='word_1_271' title='bbox 2215 4583 2518 4647; x_wconf 86' lang='lat' dir='ltr'><strong>clericum</strong></span> 
     </span>
     <span class='ocr_line' id='line_1_38' title="bbox 1512 4691 1626 4752; baseline 0.009 -1"><span class='ocrx_word' id='word_1_272' title='bbox 1512 4711 1552 4751; x_wconf 82' lang='lat' dir='ltr'><strong>G</strong></span> <span class='ocrx_word' id='word_1_273' title='bbox 1584 4691 1626 4752; x_wconf 84' lang='lat'>2</span> 
     </span>
    </p>
   </div>
  </div>
 </body>
</html>
