3200 5392
761 744 894 806 304
1560 761 1885 806 ΑΝοΝΥκι

760 878 977 944 Deum
1007 884 1074 943 et
1109 877 1192 942 ad
1229 877 1542 943 honorem
1578 877 1861 943 ecclesiae
1900 876 2236 962 disponere
2279 889 2671 963 procuraret,

759 1002 881 1045 nec
902 1001 1046 1065 quae
1075 1002 1192 1045 sua
1221 979 1333 1045 sed
1355 1001 1498 1065 quse
1519 982 1562 1044 J
1564 1001 1679 1044 esu
1703 980 1946 1044 Christi
1975 987 2042 1044 et
2071 981 2207 1045 fore
2237 992 2671 1066 cognosceret,

760 1084 1063 1167 equitatis
1107 1084 1450 1149 libramine
1495 1084 1904 1168 ponderaret,
1947 1089 2012 1148 et
2062 1085 2175 1168 qui
2222 1086 2499 1152 stimulis
2540 1088 2670 1153 leo-

757 1186 934 1252 ninae
960 1186 1237 1253 feritatis
1275 1187 1562 1272 agitatus
1598 1185 1935 1251 dicebatur
1973 1185 2055 1251 ab
2096 1188 2344 1260 aemulis
2384 1189 2669 1270 rediisse,

759 1290 1145 1355 columbinae
1202 1289 1626 1374 simplicitatis
1679 1295 1947 1367 amator,
1996 1290 2238 1372 agnina
2296 1300 2669 1357 mansuetu-

759 1392 910 1457 dine
952 1393 1288 1458 mitescere
1329 1391 1576 1476 liquido
1625 1390 2039 1476 probabatur.
2134 1392 2335 1458 Hunc
2380 1394 2451 1458 in
2494 1394 2670 1460 hunc

758 1494 1026 1560 modum
1067 1495 1294 1559 mitem
1334 1501 1402 1560 et
1444 1500 1860 1559 mansuetum
1905 1515 2064 1577 gens
2109 1495 2400 1578 quaedam
2445 1497 2667 1562 feroci-

757 1604 894 1664 tate
937 1598 1262 1681 sacrilega,
1292 1597 1561 1662 forsitan
1601 1603 1779 1661 secta
1818 1597 2146 1676 scelerosa,
2176 1598 2563 1662 renitentem
2599 1607 2667 1665 et

757 1702 1079 1766 volentem
1108 1700 1276 1764 ferre
1316 1721 1384 1765 se
1425 1699 1798 1765 facinorosis
1837 1699 2098 1765 obvium
2138 1700 2209 1764 in
2247 1700 2471 1785 ipsam,
2502 1702 2665 1785 proh

757 1803 955 1881 dolor,
997 1802 1346 1866 individuae
1384 1802 1719 1868 Trinitatis
1760 1802 2113 1881 ecclesiam,
2154 1825 2194 1867 a
2234 1803 2476 1868 clericis
2512 1804 2663 1873 suis,

758 1903 871 1989 qui
913 1925 1130 1969 secum
1174 1913 1381 1985 erant,
1420 1912 1717 1971 coactum
1757 1913 1912 1971 ante
1957 1908 2155 1971 altare
2195 1909 2664 1992 compulerunt,

758 2008 1157 2093 alloquentes
1186 2009 1203 2023 ‘
1217 2029 1368 2073 eum
1437 2009 1508 2072 in
1567 2008 1708 2074 haec
1766 2010 1978 2086 verba,
2040 2010 2267 2093 gladiis
2324 2013 2665 2077 extractis:

758 2113 957 2197 Fuge,
1000 2112 1307 2197 proditor,
1340 2133 1486 2177 ecce
1530 2134 1703 2178 mors
1747 2135 1913 2177 saeva
1953 2113 2074 2177 tibi
2116 2113 2447 2179 imminet:
2497 2138 2664 2199 quae-

758 2217 881 2282 sito
932 2216 1110 2300 prius
1159 2222 1420 2301 propter
1471 2215 1935 2280 monachorum
1994 2216 2503 2296 multitudinem,
2557 2218 2668 2301 qui

757 2316 1026 2381 aderant
1057 2323 1124 2381 et
1153 2317 1550 2393 clericorum,
1584 2316 1720 2380 Ubi
1749 2323 1848 2380 est
1878 2316 2435 2399 archiepiscopus?
2505 2318 2662 2383 Qui-

754 2417 878 2483 bus
921 2419 1058 2502 ipse
1102 2419 1337 2496 taliter,
1385 2418 1662 2484 demisso
1705 2417 1966 2502 quidem
2010 2418 2122 2482 sed
2171 2418 2439 2483 audibili
2481 2420 2663 2485 valde

757 2542 1071 2600 sermone,
1111 2521 1476 2605 respondit:
1523 2522 1667 2605 Ego
1710 2542 1897 2598 sum3
1943 2528 2010 2585 et
2049 2527 2146 2600 tu,
2180 2521 2239 2585 O
2286 2522 2660 2604 Reginalde,

756 2645 906 2689 cum
951 2624 1366 2709 complicibus
1409 2624 1541 2690 tuis
1585 2625 1744 2689 vade
1785 2631 1980 2704 retro,
2014 2626 2162 2707 quia
2203 2625 2465 2690 nescitis
2510 2627 2663 2709 quid

754 2728 985 2794 facitis.
1074 2728 1543 2793 Verumtamen
1575 2729 1631 2792 si
1659 2750 1765 2792 me
1797 2728 2081 2812 quaeritis
2110 2728 2549 2810 occidendum,
2578 2752 2662 2794 ne

755 2838 999 2898 ceteros
1043 2831 1452 2917 contingatis.
1543 2832 1631 2896 In
1679 2832 1942 2896 nomine
1988 2832 2127 2917 ejus
2174 2839 2447 2896 mortem
2498 2833 2658 2897 exci-

753 2956 905 3020 pere
933 2943 1194 3021 paratus
1231 2958 1394 3015 sum,
1426 2936 1537 3019 qui
1575 2957 1693 3020 pro
1722 2955 1827 3000 me
1868 2956 2049 2999 servo
2092 2955 2209 2999 suo
2244 2936 2409 3000 mori
2438 2936 2660 3020 digna-

754 3046 862 3103 tus
892 3047 990 3103 est
1030 3045 1098 3102 et
1140 3046 1506 3122 porrectum
1547 3044 1742 3122 caput
1787 3038 2158 3121 spiculatori
2196 3039 2477 3122 porrexit
2515 3040 2660 3103 feri-

754 3141 1025 3221 undum,
1073 3141 1181 3226 qui
1225 3163 1377 3207 mox
1419 3148 1755 3223 amputata
1798 3141 1881 3204 ad
1923 3141 2191 3206 modum
2234 3163 2486 3210 coronae
2529 3165 2660 3209 cer-

752 3243 891 3308 vice
935 3243 1216 3309 confusis
1268 3244 1583 3328 sanguine
1636 3244 2056 3308 commixtum
2101 3250 2167 3308 et
2214 3244 2475 3310 cerebro
2517 3255 2660 3311 tan-

755 3369 949 3431 quam
997 3346 1079 3411 ad
1125 3347 1442 3411 orandum
1485 3367 1727 3430 pronus
1773 3348 1844 3410 in
1891 3346 2259 3430 pavimento
2302 3368 2552 3432 corpus,
2591 3350 2661 3412 in

755 3449 971 3514 sinum
1006 3450 1288 3514 Abrahae
1326 3450 1623 3533 spiritum
1665 3449 2015 3514 collocavit.
2105 3449 2248 3533 Ego
2289 3451 2515 3533 utique
2561 3450 2661 3513 his

754 3574 1163 3638 nequaquam
1193 3553 1478 3630 interfui,
1512 3553 1624 3617 sed
1665 3553 1890 3617 eodem
1935 3552 2038 3617 die
2068 3552 2482 3616 Cantuariam
2513 3553 2658 3616 veni

755 3677 983 3740 corpus
1014 3656 1306 3721 exanime
1346 3678 1496 3720 cum
1534 3655 1926 3741 singultibus
1958 3662 2024 3719 et
2062 3655 2219 3718 fletu
2257 3654 2659 3736 conspicatus
2719 3707 2728 3714 ,

756 3781 920 3837 sum,
958 3758 1404 3823 habitudinem
1433 3780 1582 3822 vero
1612 3759 1797 3822 faciei
1841 3766 2157 3843 quantum
2200 3755 2441 3820 cruoris
2484 3755 2659 3821 labe-

754 3862 925 3925 facto
961 3861 1213 3925 sinebat
1257 3882 1569 3939 serenam,
1602 3869 1669 3925 et
1699 3862 1969 3927 viventis
2009 3882 2237 3945 parum
2275 3880 2349 3924 ac
2390 3859 2661 3923 similem

753 3965 954 4029 immo
1012 3974 1089 4030 ut
1146 3986 1369 4029 verum
1427 3966 1634 4029 fatear
1692 3966 2097 4030 adstantibus
2153 3964 2334 4049 quasi
2386 3985 2662 4048 conque-

754 4091 906 4134 rens
954 4068 1093 4133 viva
1143 4089 1295 4133 voce
1345 4067 1683 4133 videbatur
1734 4069 1962 4148 audiri,
2010 4068 2309 4146 Vindica,
2356 4065 2661 4144 Domine,

757 4172 1139 4257 sanguinem
1171 4172 1333 4236 servi
1364 4172 1483 4250 tui,
1517 4172 1629 4255 qui
1657 4172 1761 4235 eff.
1795 4178 1912 4235 est.
2004 4168 2508 4234 Praeconsideret
2544 4168 2661 4251 igi-

756 4287 866 4342 tur
893 4277 1157 4361 provida
1193 4275 1512 4340 bonarum
1551 4275 1873 4339 mentium
1917 4282 1984 4338 et
2029 4272 2314 4337 stabilita
2343 4270 2659 4349 discreti0,

757 4401 901 4465 quae
950 4387 1270 4467 tempora⁴
1299 4377 1469 4444 tanti
1528 4378 1782 4442 sceleris
1839 4376 2316 4441 immanitatem
2376 4394 2661 4439 commu-
