<?xml version="1.0" encoding="UTF-8"?>
<!DOCTYPE html PUBLIC "-//W3C//DTD XHTML 1.0 Transitional//EN"
    "http://www.w3.org/TR/xhtml1/DTD/xhtml1-transitional.dtd">
<html xmlns="http://www.w3.org/1999/xhtml" xml:lang="en" lang="en">
 <head>
  <title>
</title>
<meta http-equiv="Content-Type" content="text/html;charset=utf-8" />
  <meta name='ocr-system' content='tesseract 3.04.00' />
  <meta name='ocr-capabilities' content='ocr_page ocr_carea ocr_par ocr_line ocrx_word'/>
</head>
<body>
  <div class='ocr_page' id='page_1' title='image "./gilbertiexabbat01gilegoog_0344.png"; bbox 0 0 3200 5392; ppageno 0'>
   <div class='ocr_carea' id='block_1_1' title="bbox 692 719 1901 783">
    <p class='ocr_par' dir='ltr' id='par_1_1' title="bbox 692 719 1901 783">
     <span class='ocr_line' id='line_1_1' title="bbox 692 719 1901 783; baseline -0.002 -1"><span class='ocrx_word' id='word_1_1' title='bbox 692 719 827 783; x_wconf 80' lang='lat'><strong>328</strong></span> <span class='ocrx_word' id='word_1_2' title='bbox 1409 738 1901 782; x_wconf 69' lang='lat' dir='ltr'><strong>Anonruoanu</strong></span> 
     </span>
    </p>
   </div>
   <div class='ocr_carea' id='block_1_2' title="bbox 684 853 2646 4432">
    <p class='ocr_par' dir='ltr' id='par_1_2' title="bbox 684 853 2646 4120">
     <span class='ocr_line' id='line_1_2' title="bbox 685 853 2596 938; baseline 0.002 -20"><span class='ocrx_word' id='word_1_3' title='bbox 685 853 928 920; x_wconf 82' lang='lat' dir='ltr'><strong>Christi</strong></span> <span class='ocrx_word' id='word_1_4' title='bbox 958 861 1337 938; x_wconf 82' lang='lat' dir='ltr'><strong>quaerentes,</strong></span> <span class='ocrx_word' id='word_1_5' title='bbox 1371 854 1642 919; x_wconf 76' lang='lat' dir='ltr'>discrete</span> <span class='ocrx_word' id='word_1_6' title='bbox 1672 854 1899 933; x_wconf 89' lang='lat' dir='ltr'><strong>sciant,</strong></span> <span class='ocrx_word' id='word_1_7' title='bbox 1931 854 2266 920; x_wconf 89' lang='lat' dir='ltr'><strong>humiliter</strong></span> <span class='ocrx_word' id='word_1_8' title='bbox 2295 857 2496 922; x_wconf 85' lang='lat' dir='ltr'><strong>velint</strong></span> <span class='ocrx_word' id='word_1_9' title='bbox 2529 865 2596 922; x_wconf 91' lang='lat' dir='ltr'><strong>et</strong></span> 
     </span>
     <span class='ocr_line' id='line_1_3' title="bbox 684 956 2597 1042; baseline 0 -20"><span class='ocrx_word' id='word_1_10' title='bbox 684 957 934 1022; x_wconf 84' lang='lat' dir='ltr'><strong>utiliter</strong></span> <span class='ocrx_word' id='word_1_11' title='bbox 972 957 1221 1042; x_wconf 90' lang='lat' dir='ltr'><strong>possint</strong></span> <span class='ocrx_word' id='word_1_12' title='bbox 1250 958 1724 1039; x_wconf 89' lang='lat' dir='ltr'><strong>assignatorum</strong></span> <span class='ocrx_word' id='word_1_13' title='bbox 1762 956 1887 1021; x_wconf 88' lang='lat' dir='ltr'><strong>sibi</strong></span> <span class='ocrx_word' id='word_1_14' title='bbox 1923 978 2146 1024; x_wconf 82' lang='lat' dir='ltr'><strong>curam</strong></span> <span class='ocrx_word' id='word_1_15' title='bbox 2184 979 2439 1041; x_wconf 81' lang='lat' dir='ltr'>gerere:</span> <span class='ocrx_word' id='word_1_16' title='bbox 2488 960 2597 1042; x_wconf 80' lang='lat' dir='ltr'><strong>qui</strong></span> 
     </span>
     <span class='ocr_line' id='line_1_4' title="bbox 687 1055 2596 1142; baseline 0 -19"><span class='ocrx_word' id='word_1_17' title='bbox 687 1081 822 1123; x_wconf 91' lang='lat' dir='ltr'><strong>non</strong></span> <span class='ocrx_word' id='word_1_18' title='bbox 853 1060 1031 1124; x_wconf 90' lang='lat' dir='ltr'><strong>carni</strong></span> <span class='ocrx_word' id='word_1_19' title='bbox 1060 1058 1487 1142; x_wconf 83' lang='lat' dir='ltr'>obsequentes</span> <span class='ocrx_word' id='word_1_20' title='bbox 1529 1064 1643 1121; x_wconf 91' lang='lat' dir='ltr'><strong>aut</strong></span> <span class='ocrx_word' id='word_1_21' title='bbox 1684 1055 2005 1139; x_wconf 79' lang='lat' dir='ltr'><strong>sanguini,</strong></span> <span class='ocrx_word' id='word_1_22' title='bbox 2037 1058 2313 1121; x_wconf 83' lang='lat' dir='ltr'><strong>maxime</strong></span> <span class='ocrx_word' id='word_1_23' title='bbox 2349 1058 2596 1123; x_wconf 88' lang='lat' dir='ltr'><strong>domes-</strong></span> 
     </span>
     <span class='ocr_line' id='line_1_5' title="bbox 685 1160 2597 1247; baseline -0.001 -20"><span class='ocrx_word' id='word_1_24' title='bbox 685 1163 829 1227; x_wconf 90' lang='lat' dir='ltr'><strong>ticis</strong></span> <span class='ocrx_word' id='word_1_25' title='bbox 866 1163 1017 1227; x_wconf 89' lang='lat' dir='ltr'><strong>fidei</strong></span> <span class='ocrx_word' id='word_1_26' title='bbox 1054 1163 1227 1228; x_wconf 89' lang='lat' dir='ltr'><strong>bona</strong></span> <span class='ocrx_word' id='word_1_27' title='bbox 1264 1161 1560 1226; x_wconf 81' lang='lat' dir='ltr'><strong>noverint</strong></span> <span class='ocrx_word' id='word_1_28' title='bbox 1597 1160 1964 1243; x_wconf 86' lang='lat' dir='ltr'><strong>providere:</strong></span> <span class='ocrx_word' id='word_1_29' title='bbox 2011 1161 2123 1244; x_wconf 88' lang='lat' dir='ltr'><strong>qui</strong></span> <span class='ocrx_word' id='word_1_30' title='bbox 2152 1183 2286 1226; x_wconf 92' lang='lat' dir='ltr'><strong>non</strong></span> <span class='ocrx_word' id='word_1_31' title='bbox 2316 1162 2597 1247; x_wconf 81' lang='lat' dir='ltr'><strong>ecclesiae</strong></span> 
     </span>
     <span class='ocr_line' id='line_1_6' title="bbox 685 1251 2646 1349; baseline -0.001 -19"><span class='ocrx_word' id='word_1_32' title='bbox 685 1265 1115 1331; x_wconf 72' lang='lat' dir='ltr'><strong>substantiam</strong></span> <span class='ocrx_word' id='word_1_33' title='bbox 1143 1267 1214 1329; x_wconf 93' lang='lat' dir='ltr'><strong>in</strong></span> <span class='ocrx_word' id='word_1_34' title='bbox 1245 1265 1752 1349; x_wconf 88' lang='lat' dir='ltr'><strong>propinquorum</strong></span> <span class='ocrx_word' id='word_1_35' title='bbox 1771 1264 2336 1347; x_wconf 83' lang='lat' dir='ltr'><strong>locupletationem</strong></span> <span class='ocrx_word' id='word_1_36' title='bbox 2361 1265 2589 1329; x_wconf 88' lang='lat' dir='ltr'><strong>distra-</strong></span> <span class='ocrx_word' id='word_1_37' title='bbox 2643 1251 2646 1254; x_wconf 22' lang='lat'>¹</span> 
     </span>
     <span class='ocr_line' id='line_1_7' title="bbox 684 1366 2591 1452; baseline -0.001 -20"><span class='ocrx_word' id='word_1_38' title='bbox 684 1368 887 1434; x_wconf 86' lang='lat' dir='ltr'><strong>hant:</strong></span> <span class='ocrx_word' id='word_1_39' title='bbox 945 1369 1055 1452; x_wconf 92' lang='lat' dir='ltr'><strong>qui</strong></span> <span class='ocrx_word' id='word_1_40' title='bbox 1099 1390 1232 1432; x_wconf 94' lang='lat' dir='ltr'><strong>non</strong></span> <span class='ocrx_word' id='word_1_41' title='bbox 1274 1388 1509 1451; x_wconf 89' lang='lat' dir='ltr'><strong>panem</strong></span> <span class='ocrx_word' id='word_1_42' title='bbox 1553 1366 1834 1431; x_wconf 90' lang='lat' dir='ltr'><strong>filiorum</strong></span> <span class='ocrx_word' id='word_1_43' title='bbox 1878 1366 2146 1430; x_wconf 90' lang='lat' dir='ltr'><strong>canibus</strong></span> <span class='ocrx_word' id='word_1_44' title='bbox 2190 1367 2474 1446; x_wconf 89' lang='lat' dir='ltr'><strong>mittant,</strong></span> <span class='ocrx_word' id='word_1_45' title='bbox 2515 1375 2591 1432; x_wconf 93' lang='lat' dir='ltr'><strong>ut</strong></span> 
     </span>
     <span class='ocr_line' id='line_1_8' title="bbox 689 1469 2595 1553; baseline -0.001 -17"><span class='ocrx_word' id='word_1_46' title='bbox 689 1471 1070 1536; x_wconf 90' lang='lat' dir='ltr'><strong>domesticos</strong></span> <span class='ocrx_word' id='word_1_47' title='bbox 1121 1476 1484 1547; x_wconf 84' lang='lat' dir='ltr'><strong>attenuent,</strong></span> <span class='ocrx_word' id='word_1_48' title='bbox 1533 1469 1692 1533; x_wconf 90' lang='lat' dir='ltr'><strong>dum</strong></span> <span class='ocrx_word' id='word_1_49' title='bbox 1744 1469 1985 1533; x_wconf 90' lang='lat' dir='ltr'><strong>alienos</strong></span> <span class='ocrx_word' id='word_1_50' title='bbox 2035 1470 2374 1553; x_wconf 83' lang='lat' dir='ltr'><strong>saginant:</strong></span> <span class='ocrx_word' id='word_1_51' title='bbox 2437 1492 2595 1553; x_wconf 91' lang='lat' dir='ltr'><strong>quos</strong></span> 
     </span>
     <span class='ocr_line' id='line_1_9' title="bbox 688 1571 2599 1655; baseline -0.001 -18"><span class='ocrx_word' id='word_1_52' title='bbox 688 1574 907 1638; x_wconf 86' lang='lat' dir='ltr'><strong>nimiae</strong></span> <span class='ocrx_word' id='word_1_53' title='bbox 965 1572 1334 1637; x_wconf 85' lang='lat' dir='ltr'><strong>tenacitatis</strong></span> <span class='ocrx_word' id='word_1_54' title='bbox 1385 1592 1604 1636; x_wconf 84' lang='lat' dir='ltr'><strong>naevus</strong></span> <span class='ocrx_word' id='word_1_55' title='bbox 1657 1593 1791 1636; x_wconf 93' lang='lat' dir='ltr'><strong>non</strong></span> <span class='ocrx_word' id='word_1_56' title='bbox 1839 1571 2104 1650; x_wconf 88' lang='lat' dir='ltr'><strong>inficiat,</strong></span> <span class='ocrx_word' id='word_1_57' title='bbox 2159 1579 2272 1635; x_wconf 88' lang='lat' dir='ltr'><strong>aut</strong></span> <span class='ocrx_word' id='word_1_58' title='bbox 2329 1572 2599 1655; x_wconf 91' lang='lat' dir='ltr'><strong>prodiga</strong></span> 
     </span>
     <span class='ocr_line' id='line_1_10' title="bbox 690 1673 2598 1757; baseline -0.002 -17"><span class='ocrx_word' id='word_1_59' title='bbox 690 1675 914 1740; x_wconf 84' lang='lat' dir='ltr'><strong>effusio</strong></span> <span class='ocrx_word' id='word_1_60' title='bbox 957 1695 1091 1739; x_wconf 88' lang='lat' dir='ltr'><strong>non</strong></span> <span class='ocrx_word' id='word_1_61' title='bbox 1136 1674 1448 1738; x_wconf 84' lang='lat' dir='ltr'><strong>infamet:</strong></span> <span class='ocrx_word' id='word_1_62' title='bbox 1496 1673 1608 1757; x_wconf 89' lang='lat' dir='ltr'><strong>qui</strong></span> <span class='ocrx_word' id='word_1_63' title='bbox 1652 1694 1786 1737; x_wconf 93' lang='lat' dir='ltr'><strong>non</strong></span> <span class='ocrx_word' id='word_1_64' title='bbox 1830 1673 1901 1737; x_wconf 92' lang='lat' dir='ltr'><strong>in</strong></span> <span class='ocrx_word' id='word_1_65' title='bbox 1946 1673 2187 1737; x_wconf 89' lang='lat' dir='ltr'><strong>deliciis</strong></span> <span class='ocrx_word' id='word_1_66' title='bbox 2230 1673 2440 1738; x_wconf 87' lang='lat' dir='ltr'><strong>carnis</strong></span> <span class='ocrx_word' id='word_1_67' title='bbox 2484 1695 2598 1737; x_wconf 92' lang='lat' dir='ltr'><strong>cu-</strong></span> 
     </span>
     <span class='ocr_line' id='line_1_11' title="bbox 690 1776 2595 1862; baseline -0.001 -20"><span class='ocrx_word' id='word_1_68' title='bbox 690 1800 829 1842; x_wconf 87' lang='lat' dir='ltr'><strong>ram</strong></span> <span class='ocrx_word' id='word_1_69' title='bbox 872 1776 1176 1856; x_wconf 85' lang='lat' dir='ltr'><strong>habeant,</strong></span> <span class='ocrx_word' id='word_1_70' title='bbox 1223 1776 1336 1840; x_wconf 89' lang='lat' dir='ltr'><strong>sed</strong></span> <span class='ocrx_word' id='word_1_71' title='bbox 1380 1776 1638 1860; x_wconf 91' lang='lat' dir='ltr'><strong>spiritui</strong></span> <span class='ocrx_word' id='word_1_72' title='bbox 1679 1778 1912 1841; x_wconf 89' lang='lat' dir='ltr'><strong>servire</strong></span> <span class='ocrx_word' id='word_1_73' title='bbox 1951 1777 2390 1843; x_wconf 82' lang='lat' dir='ltr'><strong>contendant:</strong></span> <span class='ocrx_word' id='word_1_74' title='bbox 2438 1800 2595 1862; x_wconf 83' lang='lat' dir='ltr'><strong>quos</strong></span> 
     </span>
     <span class='ocr_line' id='line_1_12' title="bbox 690 1880 2599 1964; baseline -0.001 -17"><span class='ocrx_word' id='word_1_75' title='bbox 690 1903 823 1947; x_wconf 89' lang='lat' dir='ltr'><strong>non</strong></span> <span class='ocrx_word' id='word_1_76' title='bbox 866 1889 979 1945; x_wconf 89' lang='lat' dir='ltr'><strong>aut</strong></span> <span class='ocrx_word' id='word_1_77' title='bbox 1021 1881 1237 1946; x_wconf 90' lang='lat' dir='ltr'><strong>edulio</strong></span> <span class='ocrx_word' id='word_1_78' title='bbox 1266 1880 1527 1964; x_wconf 85' lang='lat' dir='ltr'><strong>crapula</strong></span> <span class='ocrx_word' id='word_1_79' title='bbox 1555 1888 1670 1944; x_wconf 90' lang='lat' dir='ltr'><strong>aut</strong></span> <span class='ocrx_word' id='word_1_80' title='bbox 1700 1880 1850 1945; x_wconf 88' lang='lat' dir='ltr'><strong>vino</strong></span> <span class='ocrx_word' id='word_1_81' title='bbox 1880 1889 2100 1964; x_wconf 84' lang='lat' dir='ltr'><strong>gravet</strong></span> <span class='ocrx_word' id='word_1_82' title='bbox 2130 1883 2599 1947; x_wconf 83' lang='lat' dir='ltr'><strong>somnulentia:</strong></span> 
     </span>
     <span class='ocr_line' id='line_1_13' title="bbox 692 1982 2604 2068; baseline 0.001 -20"><span class='ocrx_word' id='word_1_83' title='bbox 692 1984 925 2068; x_wconf 90' lang='lat' dir='ltr'><strong>quibus</strong></span> <span class='ocrx_word' id='word_1_84' title='bbox 946 1983 1291 2068; x_wconf 86' lang='lat' dir='ltr'><strong>jocundior</strong></span> <span class='ocrx_word' id='word_1_85' title='bbox 1333 1982 1417 2046; x_wconf 89' lang='lat' dir='ltr'><strong>sit</strong></span> <span class='ocrx_word' id='word_1_86' title='bbox 1460 1982 1852 2067; x_wconf 81' lang='lat' dir='ltr'><strong>hymnorum</strong></span> <span class='ocrx_word' id='word_1_87' title='bbox 1891 1991 2006 2048; x_wconf 90' lang='lat' dir='ltr'><strong>aut</strong></span> <span class='ocrx_word' id='word_1_88' title='bbox 2044 1984 2438 2067; x_wconf 90' lang='lat' dir='ltr'><strong>psalmorum</strong></span> <span class='ocrx_word' id='word_1_89' title='bbox 2470 2006 2604 2049; x_wconf 92' lang='lat' dir='ltr'><strong>mo-</strong></span> 
     </span>
     <span class='ocr_line' id='line_1_14' title="bbox 695 2085 2600 2171; baseline -0.001 -19"><span class='ocrx_word' id='word_1_90' title='bbox 695 2087 942 2152; x_wconf 90' lang='lat' dir='ltr'><strong>dulatio</strong></span> <span class='ocrx_word' id='word_1_91' title='bbox 972 2108 1167 2171; x_wconf 87' lang='lat' dir='ltr'><strong>quam</strong></span> <span class='ocrx_word' id='word_1_92' title='bbox 1197 2085 1297 2150; x_wconf 86' lang='lat' dir='ltr'><strong>vel</strong></span> <span class='ocrx_word' id='word_1_93' title='bbox 1326 2085 1562 2149; x_wconf 87' lang='lat' dir='ltr'><strong>diurna</strong></span> <span class='ocrx_word' id='word_1_94' title='bbox 1588 2087 1846 2169; x_wconf 82' lang='lat' dir='ltr'><strong>vagatio</strong></span> <span class='ocrx_word' id='word_1_95' title='bbox 1875 2087 1975 2150; x_wconf 89' lang='lat' dir='ltr'><strong>vel</strong></span> <span class='ocrx_word' id='word_1_96' title='bbox 2013 2095 2335 2152; x_wconf 88' lang='lat' dir='ltr'><strong>nocturna</strong></span> <span class='ocrx_word' id='word_1_97' title='bbox 2365 2089 2600 2153; x_wconf 90' lang='lat' dir='ltr'><strong>dormi-</strong></span> 
     </span>
     <span class='ocr_line' id='line_1_15' title="bbox 696 2188 2602 2275; baseline -0.001 -19"><span class='ocrx_word' id='word_1_98' title='bbox 696 2192 824 2256; x_wconf 91' lang='lat' dir='ltr'><strong>tio:</strong></span> <span class='ocrx_word' id='word_1_99' title='bbox 872 2190 1104 2274; x_wconf 88' lang='lat' dir='ltr'><strong>quibus</strong></span> <span class='ocrx_word' id='word_1_100' title='bbox 1129 2189 1333 2272; x_wconf 87' lang='lat' dir='ltr'><strong>magis</strong></span> <span class='ocrx_word' id='word_1_101' title='bbox 1366 2188 1544 2253; x_wconf 90' lang='lat' dir='ltr'><strong>cordi</strong></span> <span class='ocrx_word' id='word_1_102' title='bbox 1573 2189 1666 2252; x_wconf 91' lang='lat' dir='ltr'><strong>sit.</strong></span> <span class='ocrx_word' id='word_1_103' title='bbox 1688 2189 2052 2254; x_wconf 88' lang='lat' dir='ltr'><strong>animarum</strong></span> <span class='ocrx_word' id='word_1_104' title='bbox 2075 2212 2229 2255; x_wconf 85' lang='lat' dir='ltr'><strong>cura</strong></span> <span class='ocrx_word' id='word_1_105' title='bbox 2250 2213 2444 2275; x_wconf 86' lang='lat' dir='ltr'><strong>quam</strong></span> <span class='ocrx_word' id='word_1_106' title='bbox 2466 2213 2602 2256; x_wconf 88' lang='lat' dir='ltr'><strong>cor-</strong></span> 
     </span>
     <span class='ocr_line' id='line_1_16' title="bbox 696 2292 2600 2379; baseline 0 -20"><span class='ocrx_word' id='word_1_107' title='bbox 696 2316 964 2379; x_wconf 84' lang='lat' dir='ltr'><strong>porum:</strong></span> <span class='ocrx_word' id='word_1_108' title='bbox 1012 2293 1122 2377; x_wconf 83' lang='lat' dir='ltr'><strong>qui</strong></span> <span class='ocrx_word' id='word_1_109' title='bbox 1162 2299 1228 2357; x_wconf 93' lang='lat' dir='ltr'><strong>et</strong></span> <span class='ocrx_word' id='word_1_110' title='bbox 1272 2292 1572 2377; x_wconf 75' lang='lat' dir='ltr'><strong>speciosae</strong></span> <span class='ocrx_word' id='word_1_111' title='bbox 1600 2292 1849 2357; x_wconf 84' lang='lat' dir='ltr'><strong>Rachel</strong></span> <span class='ocrx_word' id='word_1_112' title='bbox 1877 2294 2206 2376; x_wconf 86' lang='lat' dir='ltr'><strong>amplexus</strong></span> <span class='ocrx_word' id='word_1_113' title='bbox 2236 2295 2600 2359; x_wconf 88' lang='lat' dir='ltr'><strong>desiderent</strong></span> 
     </span>
     <span class='ocr_line' id='line_1_17' title="bbox 698 2395 2599 2479; baseline -0.001 -17"><span class='ocrx_word' id='word_1_114' title='bbox 698 2404 766 2462; x_wconf 88' lang='lat' dir='ltr'><strong>et</strong></span> <span class='ocrx_word' id='word_1_115' title='bbox 817 2397 1006 2461; x_wconf 87' lang='lat' dir='ltr'><strong>Liam</strong></span> <span class='ocrx_word' id='word_1_116' title='bbox 1055 2402 1319 2479; x_wconf 88' lang='lat' dir='ltr'><strong>propter</strong></span> <span class='ocrx_word' id='word_1_117' title='bbox 1366 2395 1859 2460; x_wconf 84' lang='lat' dir='ltr'><strong>foecunditatem</strong></span> <span class='ocrx_word' id='word_1_118' title='bbox 1910 2397 2181 2462; x_wconf 85' lang='lat' dir='ltr'><strong>tolerare</strong></span> <span class='ocrx_word' id='word_1_119' title='bbox 2233 2417 2366 2460; x_wconf 93' lang='lat' dir='ltr'><strong>non</strong></span> <span class='ocrx_word' id='word_1_120' title='bbox 2414 2417 2599 2460; x_wconf 89' lang='lat' dir='ltr'><strong>recu-</strong></span> 
     </span>
     <span class='ocr_line' id='line_1_18' title="bbox 701 2498 2602 2583; baseline -0.002 -19"><span class='ocrx_word' id='word_1_121' title='bbox 701 2505 880 2564; x_wconf 88' lang='lat' dir='ltr'><strong>sent:</strong></span> <span class='ocrx_word' id='word_1_122' title='bbox 923 2499 1036 2583; x_wconf 88' lang='lat' dir='ltr'><strong>qui</strong></span> <span class='ocrx_word' id='word_1_123' title='bbox 1064 2498 1675 2581; x_wconf 88' lang='lat' dir='ltr'><strong>contemplationem</strong></span> <span class='ocrx_word' id='word_1_124' title='bbox 1696 2499 1926 2562; x_wconf 87' lang='lat' dir='ltr'><strong>Mariae</strong></span> <span class='ocrx_word' id='word_1_125' title='bbox 1954 2498 2254 2562; x_wconf 88' lang='lat' dir='ltr'><strong>ardenter</strong></span> <span class='ocrx_word' id='word_1_126' title='bbox 2281 2499 2504 2561; x_wconf 89' lang='lat' dir='ltr'><strong>sitiant</strong></span> <span class='ocrx_word' id='word_1_127' title='bbox 2534 2506 2602 2562; x_wconf 86' lang='lat' dir='ltr'><strong>et</strong></span> 
     </span>
     <span class='ocr_line' id='line_1_19' title="bbox 699 2598 2603 2684; baseline 0.001 -21"><span class='ocrx_word' id='word_1_128' title='bbox 699 2598 1051 2664; x_wconf 87' lang='lat' dir='ltr'><strong>laborantis</strong></span> <span class='ocrx_word' id='word_1_129' title='bbox 1080 2598 1364 2663; x_wconf 86' lang='lat' dir='ltr'><strong>Marthae</strong></span> <span class='ocrx_word' id='word_1_130' title='bbox 1393 2599 1885 2664; x_wconf 87' lang='lat' dir='ltr'><strong>sollicitudinem</strong></span> <span class='ocrx_word' id='word_1_131' title='bbox 1925 2620 2059 2665; x_wconf 92' lang='lat' dir='ltr'><strong>non</strong></span> <span class='ocrx_word' id='word_1_132' title='bbox 2099 2600 2445 2665; x_wconf 89' lang='lat' dir='ltr'><strong>omittant:</strong></span> <span class='ocrx_word' id='word_1_133' title='bbox 2492 2601 2603 2684; x_wconf 90' lang='lat' dir='ltr'><strong>qui</strong></span> 
     </span>
     <span class='ocr_line' id='line_1_20' title="bbox 702 2699 2606 2780; baseline 0.002 -15"><span class='ocrx_word' id='word_1_134' title='bbox 702 2701 953 2765; x_wconf 89' lang='lat' dir='ltr'><strong>alterna</strong></span> <span class='ocrx_word' id='word_1_135' title='bbox 996 2721 1064 2765; x_wconf 92' lang='lat' dir='ltr'><strong>se</strong></span> <span class='ocrx_word' id='word_1_136' title='bbox 1107 2699 1563 2780; x_wconf 88' lang='lat' dir='ltr'><strong>vicissitudine,</strong></span> <span class='ocrx_word' id='word_1_137' title='bbox 1610 2723 1788 2767; x_wconf 90' lang='lat' dir='ltr'><strong>nunc</strong></span> <span class='ocrx_word' id='word_1_138' title='bbox 1832 2702 1914 2767; x_wconf 84' lang='lat' dir='ltr'><strong>ad</strong></span> <span class='ocrx_word' id='word_1_139' title='bbox 1954 2702 2262 2770; x_wconf 87' lang='lat' dir='ltr'><strong>interiora</strong></span> <span class='ocrx_word' id='word_1_140' title='bbox 2302 2725 2479 2769; x_wconf 90' lang='lat' dir='ltr'><strong>nunc</strong></span> <span class='ocrx_word' id='word_1_141' title='bbox 2522 2704 2606 2768; x_wconf 85' lang='lat' dir='ltr'><strong>ad</strong></span> 
     </span>
     <span class='ocr_line' id='line_1_21' title="bbox 702 2804 2609 2892; baseline 0.002 -24"><span class='ocrx_word' id='word_1_142' title='bbox 702 2804 1035 2883; x_wconf 85' lang='lat' dir='ltr'><strong>exteriora,</strong></span> <span class='ocrx_word' id='word_1_143' title='bbox 1086 2804 1357 2870; x_wconf 87' lang='lat' dir='ltr'><strong>discrete</strong></span> <span class='ocrx_word' id='word_1_144' title='bbox 1409 2827 1477 2869; x_wconf 88' lang='lat' dir='ltr'><strong>se</strong></span> <span class='ocrx_word' id='word_1_145' title='bbox 1534 2805 1871 2886; x_wconf 89' lang='lat' dir='ltr'><strong>habentes,</strong></span> <span class='ocrx_word' id='word_1_146' title='bbox 1921 2812 1998 2870; x_wconf 91' lang='lat' dir='ltr'><strong>ut</strong></span> <span class='ocrx_word' id='word_1_147' title='bbox 2049 2814 2280 2878; x_wconf 83' lang='lat' dir='ltr'><strong>caetera</strong></span> <span class='ocrx_word' id='word_1_148' title='bbox 2330 2829 2397 2872; x_wconf 89' lang='lat' dir='ltr'><strong>se</strong></span> <span class='ocrx_word' id='word_1_149' title='bbox 2455 2808 2609 2892; x_wconf 89' lang='lat' dir='ltr'><strong>ipsis</strong></span> 
     </span>
     <span class='ocr_line' id='line_1_22' title="bbox 704 2907 2606 2994; baseline 0 -21"><span class='ocrx_word' id='word_1_150' title='bbox 704 2907 1092 2993; x_wconf 89' lang='lat' dir='ltr'><strong>adjiciantur</strong></span> <span class='ocrx_word' id='word_1_151' title='bbox 1137 2915 1204 2972; x_wconf 91' lang='lat' dir='ltr'><strong>et</strong></span> <span class='ocrx_word' id='word_1_152' title='bbox 1246 2907 1527 2992; x_wconf 91' lang='lat' dir='ltr'><strong>primum</strong></span> <span class='ocrx_word' id='word_1_153' title='bbox 1571 2929 1849 2992; x_wconf 91' lang='lat' dir='ltr'><strong>regnum</strong></span> <span class='ocrx_word' id='word_1_154' title='bbox 1892 2910 2019 2974; x_wconf 92' lang='lat' dir='ltr'><strong>Dei</strong></span> <span class='ocrx_word' id='word_1_155' title='bbox 2060 2916 2438 2993; x_wconf 90' lang='lat' dir='ltr'><strong>quaerentes,</strong></span> <span class='ocrx_word' id='word_1_156' title='bbox 2480 2912 2606 2994; x_wconf 90' lang='lat' dir='ltr'><strong>spi-</strong></span> 
     </span>
     <span class='ocr_line' id='line_1_23' title="bbox 701 3010 2610 3096; baseline 0.001 -21"><span class='ocrx_word' id='word_1_157' title='bbox 701 3010 962 3075; x_wconf 87' lang='lat' dir='ltr'><strong>ritualia</strong></span> <span class='ocrx_word' id='word_1_158' title='bbox 990 3010 1371 3089; x_wconf 90' lang='lat' dir='ltr'><strong>carnalibus,</strong></span> <span class='ocrx_word' id='word_1_159' title='bbox 1406 3010 1623 3075; x_wconf 88' lang='lat' dir='ltr'><strong>divina</strong></span> <span class='ocrx_word' id='word_1_160' title='bbox 1649 3011 1952 3078; x_wconf 90' lang='lat' dir='ltr'><strong>humanis</strong></span> <span class='ocrx_word' id='word_1_161' title='bbox 1981 3019 2399 3096; x_wconf 89' lang='lat' dir='ltr'><strong>anteponant.</strong></span> <span class='ocrx_word' id='word_1_162' title='bbox 2488 3014 2610 3077; x_wconf 85' lang='lat' dir='ltr'><strong>Ta-</strong></span> 
     </span>
     <span class='ocr_line' id='line_1_24' title="bbox 702 3114 2610 3200; baseline 0.002 -22"><span class='ocrx_word' id='word_1_163' title='bbox 702 3115 798 3179; x_wconf 93' lang='lat' dir='ltr'><strong>les</strong></span> <span class='ocrx_word' id='word_1_164' title='bbox 829 3114 1004 3178; x_wconf 89' lang='lat' dir='ltr'><strong>enim</strong></span> <span class='ocrx_word' id='word_1_165' title='bbox 1033 3121 1288 3199; x_wconf 89' lang='lat' dir='ltr'><strong>oportet</strong></span> <span class='ocrx_word' id='word_1_166' title='bbox 1319 3115 1685 3198; x_wconf 88' lang='lat' dir='ltr'><strong>episcopum</strong></span> <span class='ocrx_word' id='word_1_167' title='bbox 1713 3114 1953 3179; x_wconf 89' lang='lat' dir='ltr'><strong>habere</strong></span> <span class='ocrx_word' id='word_1_168' title='bbox 1997 3116 2345 3195; x_wconf 90' lang='lat' dir='ltr'><strong>ministros,</strong></span> <span class='ocrx_word' id='word_1_169' title='bbox 2378 3117 2610 3200; x_wconf 89' lang='lat' dir='ltr'><strong>quibus</strong></span> 
     </span>
     <span class='ocr_line' id='line_1_25' title="bbox 706 3216 2613 3301; baseline 0.002 -20"><span class='ocrx_word' id='word_1_170' title='bbox 706 3237 926 3281; x_wconf 86' lang='lat' dir='ltr'><strong>secure</strong></span> <span class='ocrx_word' id='word_1_171' title='bbox 955 3238 1032 3281; x_wconf 88' lang='lat' dir='ltr'><strong>ea</strong></span> <span class='ocrx_word' id='word_1_172' title='bbox 1061 3238 1203 3301; x_wconf 87' lang='lat' dir='ltr'><strong>quae</strong></span> <span class='ocrx_word' id='word_1_173' title='bbox 1231 3224 1494 3300; x_wconf 91' lang='lat' dir='ltr'><strong>propter</strong></span> <span class='ocrx_word' id='word_1_174' title='bbox 1524 3216 1793 3280; x_wconf 89' lang='lat' dir='ltr'><strong>aliarum</strong></span> <span class='ocrx_word' id='word_1_175' title='bbox 1824 3218 2236 3282; x_wconf 88' lang='lat' dir='ltr'><strong>ecclesiarum</strong></span> <span class='ocrx_word' id='word_1_176' title='bbox 2265 3219 2388 3283; x_wconf 91' lang='lat' dir='ltr'><strong>sibi</strong></span> <span class='ocrx_word' id='word_1_177' title='bbox 2416 3220 2613 3284; x_wconf 89' lang='lat' dir='ltr'><strong>etiam</strong></span> 
     </span>
     <span class='ocr_line' id='line_1_26' title="bbox 707 3319 2611 3404; baseline 0.002 -21"><span class='ocrx_word' id='word_1_178' title='bbox 707 3320 1189 3384; x_wconf 89' lang='lat' dir='ltr'><strong>commissarum</strong></span> <span class='ocrx_word' id='word_1_179' title='bbox 1249 3319 1746 3383; x_wconf 91' lang='lat' dir='ltr'><strong>sollicitudinem</strong></span> <span class='ocrx_word' id='word_1_180' title='bbox 1805 3320 2021 3384; x_wconf 89' lang='lat' dir='ltr'><strong>minus</strong></span> <span class='ocrx_word' id='word_1_181' title='bbox 2087 3320 2223 3404; x_wconf 90' lang='lat' dir='ltr'><strong>ipse</strong></span> <span class='ocrx_word' id='word_1_182' title='bbox 2271 3322 2611 3388; x_wconf 19' lang='lat' dir='ltr'><strong>..sustinere</strong></span> 
     </span>
     <span class='ocr_line' id='line_1_27' title="bbox 707 3421 2608 3507; baseline 0.001 -20"><span class='ocrx_word' id='word_1_183' title='bbox 707 3432 854 3507; x_wconf 92' lang='lat' dir='ltr'><strong>post</strong></span> <span class='ocrx_word' id='word_1_184' title='bbox 883 3444 1080 3489; x_wconf 88' lang='lat' dir='ltr'><strong>onera</strong></span> <span class='ocrx_word' id='word_1_185' title='bbox 1105 3422 1531 3506; x_wconf 91' lang='lat' dir='ltr'><strong>impertiatur.</strong></span> <span class='ocrx_word' id='word_1_186' title='bbox 1627 3421 1801 3486; x_wconf 88' lang='lat' dir='ltr'><strong>Sana</strong></span> <span class='ocrx_word' id='word_1_187' title='bbox 1841 3422 2017 3487; x_wconf 92' lang='lat' dir='ltr'><strong>enim</strong></span> <span class='ocrx_word' id='word_1_188' title='bbox 2061 3423 2201 3488; x_wconf 85' lang='lat' dir='ltr'><strong>haec</strong></span> <span class='ocrx_word' id='word_1_189' title='bbox 2244 3432 2360 3503; x_wconf 91' lang='lat' dir='ltr'><strong>est,</strong></span> <span class='ocrx_word' id='word_1_190' title='bbox 2392 3432 2466 3488; x_wconf 91' lang='lat' dir='ltr'><strong>ut</strong></span> <span class='ocrx_word' id='word_1_191' title='bbox 2510 3446 2608 3488; x_wconf 89' lang='lat' dir='ltr'><strong>ar-</strong></span> 
     </span>
     <span class='ocr_line' id='line_1_28' title="bbox 707 3525 2604 3608; baseline 0.001 -19"><span class='ocrx_word' id='word_1_192' title='bbox 707 3525 956 3604; x_wconf 89' lang='lat' dir='ltr'><strong>bitrior,</strong></span> <span class='ocrx_word' id='word_1_193' title='bbox 999 3525 1403 3604; x_wconf 89' lang='lat' dir='ltr'><strong>consultatio,</strong></span> <span class='ocrx_word' id='word_1_194' title='bbox 1437 3547 1577 3608; x_wconf 86' lang='lat' dir='ltr'><strong>quae</strong></span> <span class='ocrx_word' id='word_1_195' title='bbox 1623 3525 1831 3589; x_wconf 86' lang='lat' dir='ltr'><strong>virum</strong></span> <span class='ocrx_word' id='word_1_196' title='bbox 1873 3525 2221 3590; x_wconf 90' lang='lat' dir='ltr'><strong>honestum</strong></span> <span class='ocrx_word' id='word_1_197' title='bbox 2265 3535 2330 3591; x_wconf 91' lang='lat' dir='ltr'><strong>et</strong></span> <span class='ocrx_word' id='word_1_198' title='bbox 2373 3526 2604 3590; x_wconf 90' lang='lat' dir='ltr'><strong>discre-</strong></span> 
     </span>
     <span class='ocr_line' id='line_1_29' title="bbox 708 3628 2610 3696; baseline 0 -3"><span class='ocrx_word' id='word_1_199' title='bbox 708 3635 852 3693; x_wconf 88' lang='lat' dir='ltr'><strong>tum</strong></span> <span class='ocrx_word' id='word_1_200' title='bbox 893 3628 1322 3694; x_wconf 86' lang='lat' dir='ltr'><strong>commendat.</strong></span> <span class='ocrx_word' id='word_1_201' title='bbox 1417 3629 1808 3696; x_wconf 89' lang='lat' dir='ltr'><strong>Succenseat</strong></span> <span class='ocrx_word' id='word_1_202' title='bbox 1850 3629 2150 3693; x_wconf 87' lang='lat' dir='ltr'><strong>adversus</strong></span> <span class='ocrx_word' id='word_1_203' title='bbox 2192 3651 2297 3692; x_wconf 91' lang='lat' dir='ltr'><strong>me</strong></span> <span class='ocrx_word' id='word_1_204' title='bbox 2339 3628 2610 3693; x_wconf 83' lang='lat' dir='ltr'><strong>forsitan</strong></span> 
     </span>
     <span class='ocr_line' id='line_1_30' title="bbox 710 3730 2609 3814; baseline 0.001 -19"><span class='ocrx_word' id='word_1_205' title='bbox 710 3732 873 3795; x_wconf 87' lang='lat' dir='ltr'><strong>alius</strong></span> <span class='ocrx_word' id='word_1_206' title='bbox 918 3739 984 3795; x_wconf 92' lang='lat' dir='ltr'><strong>et</strong></span> <span class='ocrx_word' id='word_1_207' title='bbox 1029 3731 1221 3809; x_wconf 89' lang='lat' dir='ltr'><strong>dicat,</strong></span> <span class='ocrx_word' id='word_1_208' title='bbox 1256 3730 1434 3796; x_wconf 81' lang='lat' dir='ltr'><strong>Quid</strong></span> <span class='ocrx_word' id='word_1_209' title='bbox 1470 3732 1683 3814; x_wconf 86' lang='lat' dir='ltr'><strong>pergis</strong></span> <span class='ocrx_word' id='word_1_210' title='bbox 1712 3732 1814 3796; x_wconf 90' lang='lat' dir='ltr'><strong>vel</strong></span> <span class='ocrx_word' id='word_1_211' title='bbox 1843 3732 2205 3798; x_wconf 86' lang='lat' dir='ltr'><strong>Minervam</strong></span> <span class='ocrx_word' id='word_1_212' title='bbox 2245 3731 2469 3797; x_wconf 90' lang='lat' dir='ltr'><strong>docere</strong></span> <span class='ocrx_word' id='word_1_213' title='bbox 2506 3733 2609 3798; x_wconf 82' lang='lat' dir='ltr'><strong>vel</strong></span> 
     </span>
     <span class='ocr_line' id='line_1_31' title="bbox 709 3832 1882 3918; baseline 0.001 -22"><span class='ocrx_word' id='word_1_214' title='bbox 709 3833 1029 3916; x_wconf 89' lang='lat' dir='ltr'><strong>Apollinis</strong></span> <span class='ocrx_word' id='word_1_215' title='bbox 1061 3838 1278 3918; x_wconf 89' lang='lat' dir='ltr'><strong>aptare</strong></span> <span class='ocrx_word' id='word_1_216' title='bbox 1308 3832 1543 3914; x_wconf 86' lang='lat' dir='ltr'><strong>digitos</strong></span> <span class='ocrx_word' id='word_1_217' title='bbox 1573 3832 1882 3904; x_wconf 83' lang='lat' dir='ltr'><strong>citharae?</strong></span> 
     </span>
     <span class='ocr_line' id='line_1_32' title="bbox 799 3932 2531 4021; baseline 0.002 -24"><span class='ocrx_word' id='word_1_218' title='bbox 799 3932 976 3998; x_wconf 76' lang='lat' dir='ltr'><strong>Quid</strong></span> <span class='ocrx_word' id='word_1_219' title='bbox 1005 3954 1154 3996; x_wconf 90' lang='lat' dir='ltr'><strong>cum</strong></span> <span class='ocrx_word' id='word_1_220' title='bbox 1181 3932 1577 4016; x_wconf 90' lang='lat' dir='ltr'><strong>principibus</strong></span> <span class='ocrx_word' id='word_1_221' title='bbox 1607 3933 1729 3998; x_wconf 89' lang='lat' dir='ltr'><strong>tibi</strong></span> <span class='ocrx_word' id='word_1_222' title='bbox 1759 3934 1860 3999; x_wconf 84' lang='lat' dir='ltr'><strong>vix</strong></span> <span class='ocrx_word' id='word_1_223' title='bbox 1890 3936 2305 4020; x_wconf 88' lang='lat' dir='ltr'><strong>popularibus</strong></span> <span class='ocrx_word' id='word_1_224' title='bbox 2335 3944 2485 4021; x_wconf 88' lang='lat' dir='ltr'><strong>apto</strong></span> <span class='ocrx_word' id='word_1_225' title='bbox 2500 3938 2531 4001; x_wconf 71' lang='grc' dir='ltr'><strong>’ἒ</strong></span> 
     </span>
     <span class='ocr_line' id='line_1_33' title="bbox 884 4035 2313 4120; baseline 0.001 -20"><span class='ocrx_word' id='word_1_226' title='bbox 884 4036 1015 4100; x_wconf 81' lang='lat' dir='ltr'><strong>Vix</strong></span> <span class='ocrx_word' id='word_1_227' title='bbox 1043 4044 1218 4099; x_wconf 88' lang='lat' dir='ltr'><strong>terra</strong></span> <span class='ocrx_word' id='word_1_228' title='bbox 1246 4035 1478 4118; x_wconf 90' lang='lat' dir='ltr'><strong>dignus</strong></span> <span class='ocrx_word' id='word_1_229' title='bbox 1510 4036 1666 4119; x_wconf 88' lang='lat' dir='ltr'><strong>quid</strong></span> <span class='ocrx_word' id='word_1_230' title='bbox 1695 4058 1885 4120; x_wconf 87' lang='lat' dir='ltr'><strong>super</strong></span> <span class='ocrx_word' id='word_1_231' title='bbox 1913 4046 2087 4102; x_wconf 90' lang='lat' dir='ltr'><strong>astra</strong></span> <span class='ocrx_word' id='word_1_232' title='bbox 2112 4038 2313 4103; x_wconf 85' lang='lat' dir='ltr'><strong>facis?</strong></span> 
     </span>
    </p>

    <p class='ocr_par' dir='ltr' id='par_1_3' title="bbox 712 4139 2619 4432">
     <span class='ocr_line' id='line_1_34' title="bbox 715 4139 2613 4218; baseline 0.001 -14"><span class='ocrx_word' id='word_1_233' title='bbox 715 4141 812 4205; x_wconf 91' lang='lat' dir='ltr'><strong>Ut</strong></span> <span class='ocrx_word' id='word_1_234' title='bbox 852 4140 932 4206; x_wconf 90' lang='lat' dir='ltr'><strong>ab</strong></span> <span class='ocrx_word' id='word_1_235' title='bbox 972 4139 1074 4206; x_wconf 90' lang='lat' dir='ltr'><strong>his</strong></span> <span class='ocrx_word' id='word_1_236' title='bbox 1115 4161 1355 4203; x_wconf 91' lang='lat' dir='ltr'><strong>cessem</strong></span> <span class='ocrx_word' id='word_1_237' title='bbox 1393 4139 1701 4218; x_wconf 81' lang='lat' dir='ltr'><strong>laudant3</strong></span> <span class='ocrx_word' id='word_1_238' title='bbox 1751 4142 2084 4206; x_wconf 84' lang='lat' dir='ltr'><strong>attendam</strong></span> <span class='ocrx_word' id='word_1_239' title='bbox 2124 4149 2363 4206; x_wconf 88' lang='lat' dir='ltr'><strong>sortem</strong></span> <span class='ocrx_word' id='word_1_240' title='bbox 2402 4164 2613 4206; x_wconf 89' lang='lat' dir='ltr'><strong>meam</strong></span> 
     </span>
     <span class='ocr_line' id='line_1_35' title="bbox 715 4242 2617 4327; baseline 0.001 -22"><span class='ocrx_word' id='word_1_241' title='bbox 715 4243 1040 4308; x_wconf 87' lang='lat' dir='ltr'><strong>consulter</strong></span> <span class='ocrx_word' id='word_1_242' title='bbox 1078 4248 1144 4307; x_wconf 91' lang='lat' dir='ltr'><strong>et</strong></span> <span class='ocrx_word' id='word_1_243' title='bbox 1179 4242 1587 4325; x_wconf 88' lang='lat' dir='ltr'><strong>professionis</strong></span> <span class='ocrx_word' id='word_1_244' title='bbox 1619 4264 1780 4306; x_wconf 84' lang='lat' dir='ltr'><strong>meae</strong></span> <span class='ocrx_word' id='word_1_245' title='bbox 1810 4243 2122 4323; x_wconf 92' lang='lat' dir='ltr'><strong>conscius,</strong></span> <span class='ocrx_word' id='word_1_246' title='bbox 2152 4244 2330 4327; x_wconf 83' lang='lat' dir='ltr'><strong>loqui</strong></span> <span class='ocrx_word' id='word_1_247' title='bbox 2358 4244 2617 4309; x_wconf 85' lang='lat' dir='ltr'><strong>erubes-</strong></span> 
     </span>
     <span class='ocr_line' id='line_1_36' title="bbox 712 4344 2619 4432; baseline 0 -24"><span class='ocrx_word' id='word_1_248' title='bbox 712 4365 874 4412; x_wconf 84' lang='lat' dir='ltr'><strong>cam.</strong></span> <span class='ocrx_word' id='word_1_249' title='bbox 966 4344 1271 4429; x_wconf 89' lang='lat' dir='ltr'><strong>Oppilare</strong></span> <span class='ocrx_word' id='word_1_250' title='bbox 1301 4365 1373 4408; x_wconf 89' lang='lat' dir='ltr'><strong>os</strong></span> <span class='ocrx_word' id='word_1_251' title='bbox 1402 4344 1680 4409; x_wconf 89' lang='lat' dir='ltr'><strong>suadent</strong></span> <span class='ocrx_word' id='word_1_252' title='bbox 1709 4351 1969 4432; x_wconf 87' lang='lat' dir='ltr'><strong>propter</strong></span> <span class='ocrx_word' id='word_1_253' title='bbox 2002 4344 2409 4424; x_wconf 90' lang='lat' dir='ltr'><strong>monachum,</strong></span> <span class='ocrx_word' id='word_1_254' title='bbox 2449 4366 2619 4410; x_wconf 85' lang='lat' dir='ltr'><strong>mor-</strong></span> 
     </span>
    </p>
   </div>
   <div class='ocr_carea' id='block_1_3' title="bbox 1098 5245 1637 5250">
    <p class='ocr_par' dir='ltr' id='par_1_4' title="bbox 1098 5245 1637 5250">
     <span class='ocr_line' id='line_1_37' title="bbox 1098 5245 1637 5250; baseline 0 0"><span class='ocrx_word' id='word_1_255' title='bbox 1098 5245 1637 5250; x_wconf 95' lang='lat' dir='ltr'><strong> </strong></span> 
     </span>
    </p>
   </div>
  </div>
 </body>
</html>
