3200 5392
720 856 854 921 338
1293 876 1561 920 unum
1595 875 2068 920 nrlsromnuu

724 990 991 1057 Evoeati
1018 1012 1058 1055 a
1087 990 1259 1056 dom.
1290 1012 1356 1055 n.
1386 1012 1440 1055 r.
1474 1012 1535 1075 q.
1565 1012 1625 1055 v.
1652 991 1735 1056 ad
1763 1011 1866 1056 cu.
1890 993 2044 1057 428.
2070 990 2154 1055 C⁸
2180 992 2327 1055 124.
2350 988 2408 1054 Ε
2438 990 2502 1068 3,
2521 989 2627 1053 21.

816 1094 880 1159 G
916 1096 1057 1159 132.

726 1198 830 1262 ΕΚ
859 1195 1098 1262 crebris
1128 1218 1189 1281 q.
1223 1197 1303 1261 cl.
1337 1218 1398 1281 q.
1431 1195 1511 1261 de
1540 1219 1602 1280 p.
1638 1218 1696 1260 ν.
1729 1196 1812 1262 ad
1841 1199 1992 1262 340.
2026 1196 2088 1260 D
2119 1197 2270 1262 248.

727 1301 1067 1366 Excitatus
1096 1323 1159 1384 p.
1191 1301 1235 1364 f.
1268 1322 1323 1365 c.
1357 1307 1423 1364 et
1453 1323 1519 1365 n.
1550 1321 1610 1364 v.
1641 1302 1794 1364 464.
1828 1301 1911 1365 C'
1939 1303 2044 1364 40.
2077 1301 2134 1365 Ε
2170 1304 2227 1379 1,
2260 1302 2366 1365 25.
2398 1299 2437 1363 Ι
2468 1301 2530 1364 7.

726 1405 1115 1488 Exemplum
1145 1405 1186 1468 1.
1222 1403 1285 1468 (1.
1319 1410 1385 1468 et
1416 1426 1478 1487 p.
1510 1426 1576 1467 n.
1613 1404 1733 1468 Ur.
1766 1407 1917 1468 330.
1948 1404 2037 1467 N.

731 1510 836 1574 Ex
863 1509 981 1594 inj.
1012 1530 1118 1573 no.
1150 1508 1258 1572 off.
1291 1529 1420 1573 ecc.
1452 1507 1537 1571 D.
1573 1530 1678 1591 qu.
1712 1508 1864 1572 256.
1896 1508 1959 1571 D
1990 1510 2141 1572 273.

729 1613 833 1677 ΕΚ
862 1634 990 1697 quo
1018 1612 1115 1675 lit.
1146 1634 1277 1676 ves.
1310 1632 1476 1675 susc.
1512 1612 1660 1676 107.
1693 1610 1756 1674 D
1790 1612 1937 1673 100.

730 1716 834 1780 ΕΚ
861 1715 960 1779 lit.
992 1735 1119 1779 ear.
1149 1714 1221 1778 in
1251 1713 1371 1777 Ch.
1402 1714 1468 1777 fi.
1499 1735 1640 1778 nos.
1678 1714 1825 1777 146.
1858 1713 1920 1777 D
1955 1713 2101 1777 142.

731 1820 1020 1902 Experta
1047 1818 1158 1882 mi.
1192 1823 1312 1882 tot.
1344 1823 1393 1880 t.
1426 1816 1537 1880 dil.
1572 1838 1674 1900 pa.
1707 1819 1770 1881 9.
1803 1816 1867 1881 D
1897 1818 1961 1880 9.

731 1922 1102 2004 Expectans
1132 1919 1459 2005 expectavi
1481 1919 1755 2004 jamdiu.
1788 1922 1894 1983 83.
1928 1919 1991 1983 D
2023 1920 2130 1982 51.
2225 1977 2242 2002 ,

731 2021 1013 2106 Expedit
1034 2020 1099 2086 b.
1121 2045 1183 2106 p.
1208 2029 1275 2087 et
1300 2043 1406 2106 qu.
1427 2028 1545 2087 rat.
1572 2028 1708 2087 ten.
1727 2024 1857 2086 403
1875 2021 1969 2086 Α’
1994 2021 2099 2085 62.
2123 2020 2211 2086 03
2237 2020 2384 2085 116.
2409 2020 2473 2085 D
2498 2022 2644 2085 158.

820 2127 880 2191 E
910 2128 974 2205 2,
1004 2128 1112 2192 97.
1146 2127 1210 2191 G
1243 2128 1389 2191 124.

734 2234 839 2298 ΕΚ
865 2231 1178 2297 relatione
1207 2230 1294 2294 di.
1325 2230 1404 2295 fr.
1436 2228 1560 2294 Eb.
1593 2250 1693 2313 ep.
1727 2251 1823 2294 ac.
1855 2251 1977 2314 ego
2007 2236 2073 2294 et
2106 2232 2258 2295 241.
2290 2229 2353 2293 D
2385 2230 2534 2293 204.

740 2334 841 2398 ΕΚ
870 2341 1006 2397 ten.
1037 2333 1081 2397 l.
1113 2338 1163 2397 t.
1197 2339 1263 2396 et
1293 2354 1351 2417 q.
1385 2333 1537 2398 367.
1571 2332 1634 2396 D
1664 2333 1797 2397 280
1825 2339 1892 2397 et
1923 2334 2117 2398 371*.

737 2437 1009 2502 Exultat
1038 2459 1100 2520 p.
1134 2457 1228 2500 eV.
1261 2456 1317 2500 c.
1348 2457 1402 2500 r.
1435 2442 1533 2500 est
1562 2434 1609 2499 f.
1640 2437 1793 2501 471.
1827 2437 1890 2500 D
1921 2437 2070 2500 264.

740 2538 1060 2616 Exultavi,
1091 2558 1200 2602 car
1251 2543 1340 2601 to.
1372 2538 1444 2601 in
1474 2538 1557 2602 D.
1589 2544 1658 2603 et
1688 2560 1780 2622 sp.
1813 2540 1964 2603 257.
1998 2540 2060 2603 D
2087 2541 2231 2602 130.

741 2640 1071 2707 Exultavit
1102 2662 1232 2705 cor.
1263 2662 1388 2704 me.
1421 2640 1490 2704 in
1523 2642 1717 2706 Dom.
1749 2643 1855 2706 33.
1888 2643 1951 2706 D
1982 2644 2090 2706 33.

745 2742 1054 2808 Ferreum
1099 2766 1162 2827 p.
1210 2749 1308 2807 est
1355 2765 1413 2808 a.
1453 2744 1536 2809 la.
1583 2766 1646 2829 q.
1693 2745 1776 2809 ad
1819 2745 1863 2810 l.
1909 2751 1975 2809 et
2019 2766 2125 2809 aer.
2170 2746 2319 2809 457.
2368 2742 2457 2807 (3³
2498 2746 2645 2808 199.

831 2848 888 2912 E
919 2848 1091 2924 3,82.
1127 2846 1190 2911 G
1225 2850 1367 2911 193.

745 2949 982 3015 Fidelis
1013 2971 1118 3014 an.
1147 2949 1220 3013 in
1249 2971 1376 3015 om.
1408 2971 1537 3016 ver.
1571 2953 1634 3015 5.
1667 2952 1730 3016 D
1762 2954 1822 3016 5.

744 3053 945 3118 Filius
971 3073 1062 3117 re.
1096 3075 1192 3117 su.
1226 3054 1326 3117 Je.
1359 3074 1475 3122 cos.
1508 3075 1607 3137 eq.
1641 3076 1698 3119 e.
1729 3056 1882 3120 287.
1915 3055 1978 3119 D
2014 3056 2162 3122 163.

610 3185 615 3190 ·
746 3154 1138 3221 Formamv.
1171 3178 1232 3241 q.
1273 3178 1364 3221 re.
1407 3179 1471 3222 n.
1506 3179 1545 3221 a
1581 3158 1708 3241 leg.
1739 3160 1890 3223 435.
1932 3157 2029 3222 A²
2060 3161 2163 3225 72.
2196 3158 2285 3224 0⁴
2313 3159 2471 3224 3.D
2508 3161 2652 3224 180.

834 3258 893 3322 E
925 3261 987 3337 3,
994 3261 1098 3323 13.
1132 3259 1196 3323 G
1224 3261 1374 3323 345.

747 3360 1107 3426 Fortunam
1133 3384 1262 3427 ves.
1293 3363 1467 3445 plan.
1499 3369 1565 3427 et
1596 3364 1697 3428 de.
1733 3365 1791 3428 1.
1825 3364 1888 3428 D
1920 3365 2028 3428 82.

745 3464 1249 3529 Fraternitatem
1277 3470 1328 3529 t.
1360 3486 1410 3528 s.
1442 3487 1499 3529 v·
1537 3473 1603 3530 et
1631 3465 1679 3532 f.
1710 3473 1760 3530 t.
1793 3488 1854 3550 q.
1886 3473 1955 3531 te
1984 3488 2061 3531 ex
2092 3468 2239 3532 350.
2272 3468 2356 3532 D.
2388 3420 2539 3532 230.

749 3566 1171 3632 Fraternitati
1212 3589 1271 3631 v.
1312 3590 1379 3632 n.
1425 3590 1512 3634 cr.
1555 3590 1613 3634 e.
1654 3569 1744 3633 in.
1778 3591 1839 3653 q.
1872 3591 1923 3633 ε.
1964 3592 2056 3634 re.
2088 3571 2208 3635 Th.
2240 3570 2389 3635 336.
2421 3570 2524 3636 Α2
2549 3573 2656 3636 92.

837 3669 901 3734 1)
931 3670 1081 3735 226.

755 3772 1028 3840 Gavisus
1059 3794 1115 3838 e.
1147 3773 1208 3838 d.
1242 3796 1304 3857 p.
1338 3796 1399 3856 g.
1433 3796 1483 3838 s.
1514 3795 1569 3839 c.
1595 3795 1672 3840 eo
1702 3782 1769 3840 et
1796 3774 1844 3841 f.
1870 3798 1931 3860 q.
1956 3798 2020 3859 p.
2045 3777 2193 3840 384.
2227 3776 2284 3842 Β
2311 3775 2414 3840 71.
2439 3774 2525 3839 03
2551 3777 2655 3841 72.

839 3876 896 3938 Ε
929 3875 1098 3954 5,57.
1134 3877 1196 3940 G
1231 3877 1335 3941 78.
1369 3877 1425 3953 1,
1458 3879 1604 3941 211.

755 3978 1130 4045 Gratiarum
1159 3977 1351 4043 Dom.
1383 3985 1472 4043 to.
1504 3999 1678 4043 men.
1712 3980 1792 4045 al.
1824 3982 1975 4046 200.
2007 3981 2070 4045 1)
2103 3981 2254 4046 362.

754 4080 1130 4145 Gratiarum
1160 4079 1270 4145 dil.
1301 4101 1401 4164 pa.
1436 4081 1517 4145 de
1544 4088 1636 4146 t0.
1670 4103 1796 4147 cor.
1830 4085 1935 4150 27.
1968 4083 2032 4148 1)
2062 4086 2149 4151 27
2154 4132 2169 4148 .

758 4183 1015 4249 Gratias
1046 4204 1167 4267 ago
1196 4181 1345 4247 ben.
1376 4203 1504 4247 ves.
1536 4183 1608 4246 in
1639 4183 1760 4248 ch.
1793 4184 1855 4249 6.
1887 4186 1950 4249 D
1983 4187 2045 4251 6.

760 4287 1019 4353 Gratias
1051 4308 1172 4370 ago
1200 4285 1349 4351 ben.
1379 4308 1507 4352 ves.
1541 4309 1648 4370 qu.
1679 4309 1747 4352 n.
1781 4309 1869 4353 so.
1905 4288 2057 4354 262.
2089 4289 2152 4353 1)
2188 4290 2335 4354 156.

760 4390 1019 4455 Gratias
1047 4389 1197 4454 ben.
1229 4411 1357 4454 ves.
1388 4388 1539 4454 hab.
1570 4390 1688 4456 ref.
1720 4391 1879 4455 mul.
1910 4394 2016 4457 59.
2050 4392 2113 4456 D
2147 4393 2252 4457 70.

759 4492 1019 4558 Gratias
1048 4493 1122 4557 ti.
1155 4514 1277 4577 ago
1308 4494 1388 4558 de
1417 4514 1546 4559 om.
1576 4492 1729 4558 bon.
1762 4516 1907 4579 quae
1935 4497 2040 4560 54.
2073 4495 2137 4560 1)
2168 4495 2278 4560 65.
