3200 5392
584 952 717 995 Aa).
755 934 1148 1018 1·161—89.]
1250 956 1582 1000 1³:1³1s'romn
1616 955 1938 1006 QUAEDAM.
2405 937 2482 997 81

585 1088 796 1132 manae
853 1072 1152 1152 ecclesiae,
1201 1094 1345 1156 quae
1392 1074 1633 1158 ubique
1691 1080 2009 1138 terrarum
2060 1072 2312 1136 obtinet
2364 1072 2490 1134 dis-

500 1177 507 1188 ‘
581 1179 866 1253 ponente
910 1174 1194 1240 Domino
1234 1176 1690 1261 principatum,
1736 1176 2088 1261 quaestione
2137 1176 2486 1253 solvantur,

584 1281 651 1337 et
688 1285 1090 1343 removeatur
1117 1280 1188 1343 in
1226 1280 1326 1344 his
1371 1281 1762 1364 ambiguitas
1806 1280 1888 1345 de
1923 1280 2222 1345 cordibus
2266 1279 2487 1362 singu-

581 1377 811 1443 lorum.
903 1381 1087 1447 Licet
1118 1391 1336 1448 autem
1367 1405 1560 1467 super
1589 1383 2073 1467 quaestionibus,
2106 1404 2267 1468 quas
2301 1381 2490 1446 nobis

584 1480 883 1548 discretio
933 1490 1051 1549 tua
1100 1486 1434 1551 solvendas
1487 1487 1740 1564 direxit,
1792 1492 1861 1550 te
1919 1507 2054 1550 non
2115 1485 2487 1549 dubitemus

581 1585 917 1668 providum
947 1594 1014 1652 et
1044 1588 1576 1674 circumspectum
1621 1590 1911 1667 existere,
1943 1587 2236 1672 cogimur
2264 1594 2489 1651 tamen

584 1707 659 1750 ex
714 1689 1039 1754 servitutis
1089 1692 1447 1757 ministerio
1483 1693 1675 1776 juxta
1726 1692 2178 1756 discretionem
2229 1697 2296 1754 et
2343 1710 2487 1773 pro-

583 1790 935 1857 videntiam
991 1801 1281 1859 nostram
1341 1795 1462 1859 tibi
1521 1795 1753 1859 exinde
1813 1793 2217 1878 respondere.
2319 1793 2490 1856 Sane

581 1915 782 1976 quum
810 1895 907 1959 vir
934 1895 1227 1962 literatus
1267 1897 1352 1961 sis
1395 1905 1462 1961 et
1504 1898 1758 1981 sapiens
1797 1904 1863 1962 et
1908 1897 2240 1975 discretus,
2273 1897 2343 1958 in
2387 1895 2488 1957 his

578 1996 930 2079 plurimum
973 2000 1360 2064 exercitatus
1393 2000 1650 2084 plenius
1684 2000 1875 2078 nosti,
1908 1999 2059 2082 quia
2104 1998 2176 2062 in
2219 1997 2487 2063 excessi-

577 2098 701 2162 bus
746 2099 1150 2184 singulorum
1188 2123 1324 2166 non
1363 2103 1571 2167 solum
1612 2103 1887 2185 qualitas
1918 2102 2138 2166 delicti
2175 2108 2243 2165 et
2284 2121 2487 2183 quan-

579 2199 754 2278 titas,
786 2201 899 2265 sed
928 2209 1104 2280 aetas,
1135 2202 1422 2280 scientia,
1454 2210 1520 2267 et
1550 2224 1739 2267 sexus
1776 2209 1970 2286 atque
1999 2201 2285 2267 conditio
2330 2208 2486 2264 sunt

580 2303 995 2382 attendenda,
1027 2305 1180 2388 quia
1207 2327 1341 2369 non
1370 2306 1580 2369 solum
1612 2303 1968 2372 secundum
1997 2303 2378 2386 qualitatem
2419 2309 2485 2366 et

583 2407 1014 2489 quantitatem
1070 2407 1390 2487 facinoris,
1440 2408 1552 2473 sed
1604 2406 1957 2471 secundum
2006 2427 2083 2470 ea
2134 2426 2277 2489 quae
2326 2426 2486 2486 prae-

583 2510 880 2589 diximuS,
926 2518 992 2575 et
1037 2512 1392 2577 secundum
1438 2513 1655 2577 locum
1700 2518 1766 2576 et
1810 2517 2068 2594 tempus
2115 2529 2243 2592 quo
2295 2507 2489 2571 delic-

581 2620 723 2677 tum
754 2615 1199 2695 committitur,
1230 2616 1581 2699 unicuique
1613 2614 1806 2679 debet
1842 2612 2227 2698 poenitentia
2263 2610 2484 2688 indici,

581 2739 782 2800 quum
841 2718 1008 2783 sicut
1065 2726 1144 2784 tu
1200 2718 1338 2803 ipse
1405 2740 1541 2784 non
1607 2718 1887 2801 ignoras,
1947 2716 2122 2780 idem
2191 2734 2486 2779 excessus

580 2820 784 2903 magis
841 2822 913 2885 in
970 2844 1106 2886 uno
1166 2843 1360 2905 quam
1417 2823 1489 2886 in
1548 2821 1675 2885 alio
1735 2820 1818 2884 sit
1876 2818 2264 2903 puniendus.
2378 2816 2488 2879 Illi

579 2930 797 2987 autem
836 2925 946 3008 qui
985 2925 1203 2990 animo
1242 2926 1573 2991 occidendi
1616 2925 1803 2989 illum
1851 2930 2149 2989 sanctum
2194 2930 2262 2987 et
2308 2943 2484 2986 reve·

577 3026 850 3090 rendum
910 3027 1117 3093 virum
1178 3028 1710 3093 cantuariensem
1778 3027 2106 3111 quondam
2176 3011 2486 3108 archiepi-

578 3149 861 3213 scopum,
894 3137 1008 3194 aut
1035 3130 1327 3210 feriendi,
1358 3138 1472 3195 aut
1500 3130 1816 3214 capiendi,
1848 3129 1903 3193 si
1932 3129 2013 3193 de
2042 3130 2154 3192 illa
2187 3127 2487 3212 captione

578 3254 750 3297 mors
779 3237 918 3317 ejus
947 3235 1339 3319 subsequuta
1365 3236 1613 3312 fuisset,
1645 3234 1809 3299 citra
1837 3235 1939 3298 vel
1967 3234 2139 3298 circa
2167 3254 2482 3296 manuum

576 3334 989 3420 injectionem
1035 3357 1103 3400 se
1145 3337 1436 3400 fatentur
1471 3336 1742 3414 venisse,
1788 3336 1928 3417 pari
1974 3356 2166 3416 poena
2202 3334 2302 3398 vel
2347 3333 2486 3397 fere

579 3438 720 3522 pari
763 3437 1095 3523 puniendi,
1128 3445 1194 3503 et
1233 3438 1327 3501 illi
1355 3438 1562 3509 ‚etiam
1609 3437 1720 3519 qui
1759 3457 1892 3499 non
1932 3443 2007 3499 ut
2050 3435 2337 3512 ferirent,
2370 3436 2484 3498 sed

580 3549 656 3607 ut
693 3542 1194 3626 ‘percussoribus
1251 3563 1444 3626 opem
1501 3540 1765 3618 ferrent,
1828 3538 1883 3603 si
1950 3538 2116 3602 forte
2186 3536 2490 3600 violentia

582 3668 775 3730 quam
821 3646 1084 3730 quidam
1127 3646 1338 3711 moliri
1382 3644 1726 3722 debebant,
1765 3641 2254 3726 impedirentur,
2296 3641 2489 3724 paulo

583 3750 817 3813 minori
859 3770 1051 3832 poena
1095 3750 1374 3830 multari,
1422 3750 1573 3833 quia
1616 3771 1818 3833 quum
1864 3747 2176 3831 scriptum
2224 3747 2327 3825 sit,
2375 3747 2487 3830 qui

581 3854 792 3936 potuit
836 3853 1164 3918 hominem
1212 3853 1482 3917 liberare
1530 3875 1570 3917 a
1619 3859 1828 3916 morte
1872 3857 1939 3915 et
1990 3871 2122 3914 non
2171 3850 2487 3926 liberavit,

581 3956 792 4038 ipsum
837 3955 1087 4035 occidit,
1126 3962 1380 4021 constat
1423 3955 1595 4039 ipsos
1641 3954 1722 4019 ab
1764 3952 2094 4017 homicidii
2138 3959 2342 4017 reatu
2367 3953 2489 4016 im-

581 4080 809 4123 munes
852 4081 988 4123 non
1031 4080 1189 4138 esse,
1230 4059 1342 4142 qui
1387 4058 1774 4123 occisoribus
1817 4077 2006 4140 opem
2056 4062 2284 4120 contra
2332 4056 2490 4120 alios

581 4168 882 4244 praestare
915 4168 1252 4240 venerunt,
1291 4182 1414 4225 nec
1455 4168 1631 4225 caret
1675 4158 1973 4242 scrupulo
2018 4157 2340 4221 societatis
2384 4178 2490 4221 oc-

581 4261 792 4339 cultae,
842 4263 951 4345 qui
1013 4283 1212 4347 quum
1272 4262 1474 4345 possit
1532 4261 1874 4325 manifeste
1934 4260 2170 4325 desinit
2221 4258 2492 4322 facinori

581 4364 857 4429 obviare.

667 4468 774 4530 Illi
827 4488 974 4531 vero
1027 4468 1138 4550 qui
1195 4489 1264 4531 se
1321 4474 1617 4533 asserunt
1676 4468 1968 4532 animum
2018 4464 2188 4546 regis
2231 4461 2484 4525 inflam-

580 4590 789 4633 masse
830 4569 914 4631 ad
957 4567 1197 4648 odium,
1229 4571 1402 4634 unde
1430 4571 1596 4635 forte
1636 4571 1761 4634 fuit
1801 4567 2218 4632 homicidium
2266 4564 2488 4628 subse·

670 4698 777 4732 011„
802 4697 911 4733 5011.
959 4697 1073 4731 ΥΟΕ.
1100 4696 1158 4731 11.
1511 4695 1554 4735 G
