<?xml version="1.0" encoding="UTF-8"?>
<!DOCTYPE html PUBLIC "-//W3C//DTD XHTML 1.0 Transitional//EN"
    "http://www.w3.org/TR/xhtml1/DTD/xhtml1-transitional.dtd">
<html xmlns="http://www.w3.org/1999/xhtml" xml:lang="en" lang="en">
 <head>
  <title>
</title>
<meta http-equiv="Content-Type" content="text/html;charset=utf-8" />
  <meta name='ocr-system' content='tesseract 3.04.00' />
  <meta name='ocr-capabilities' content='ocr_page ocr_carea ocr_par ocr_line ocrx_word'/>
</head>
<body>
  <div class='ocr_page' id='page_1' title='image "./gilbertiexabbat01gilegoog_0218.png"; bbox 0 0 3200 5392; ppageno 0'>
   <div class='ocr_carea' id='block_1_1' title="bbox 705 795 1895 860">
    <p class='ocr_par' dir='ltr' id='par_1_1' title="bbox 705 795 1895 860">
     <span class='ocr_line' id='line_1_1' title="bbox 705 795 1895 860; baseline -0.004 0"><span class='ocrx_word' id='word_1_1' title='bbox 705 795 837 860; x_wconf 77' lang='lat'><strong>202</strong></span> <span class='ocrx_word' id='word_1_2' title='bbox 1423 810 1895 859; x_wconf 73' lang='lat' dir='ltr'><strong>nrlscomnuu</strong></span> 
     </span>
    </p>
   </div>
   <div class='ocr_carea' id='block_1_2' title="bbox 701 922 2615 2241">
    <p class='ocr_par' dir='ltr' id='par_1_2' title="bbox 701 922 2615 2241">
     <span class='ocr_line' id='line_1_2' title="bbox 701 922 2613 1007; baseline -0.002 -14"><span class='ocrx_word' id='word_1_3' title='bbox 701 927 805 992; x_wconf 81' lang='lat' dir='ltr'><strong>bis</strong></span> <span class='ocrx_word' id='word_1_4' title='bbox 834 924 1174 993; x_wconf 83' lang='lat' dir='ltr'><strong>adversarii</strong></span> <span class='ocrx_word' id='word_1_5' title='bbox 1200 924 1408 989; x_wconf 87' lang='lat' dir='ltr'><strong>nostri</strong></span> <span class='ocrx_word' id='word_1_6' title='bbox 1435 922 1747 1007; x_wconf 83' lang='lat' dir='ltr'><strong>impedire</strong></span> <span class='ocrx_word' id='word_1_7' title='bbox 1775 943 2126 1007; x_wconf 82' lang='lat' dir='ltr'><strong>possemus.</strong></span> <span class='ocrx_word' id='word_1_8' title='bbox 2222 924 2401 989; x_wconf 88' lang='lat' dir='ltr'><strong>Certi</strong></span> <span class='ocrx_word' id='word_1_9' title='bbox 2438 923 2613 990; x_wconf 89' lang='lat' dir='ltr'><strong>enim</strong></span> 
     </span>
     <span class='ocr_line' id='line_1_3' title="bbox 705 1026 2612 1112; baseline -0.003 -15"><span class='ocrx_word' id='word_1_10' title='bbox 705 1050 981 1108; x_wconf 83' lang='lat' dir='ltr'><strong>eramus,</strong></span> <span class='ocrx_word' id='word_1_11' title='bbox 1012 1027 1185 1112; x_wconf 89' lang='lat' dir='ltr'><strong>quod</strong></span> <span class='ocrx_word' id='word_1_12' title='bbox 1213 1032 1498 1091; x_wconf 82' lang='lat' dir='ltr'><strong>vestrum</strong></span> <span class='ocrx_word' id='word_1_13' title='bbox 1534 1047 1881 1110; x_wconf 77' lang='lat' dir='ltr'>gravamen</span> <span class='ocrx_word' id='word_1_14' title='bbox 1909 1026 1980 1091; x_wconf 93' lang='lat' dir='ltr'><strong>in</strong></span> <span class='ocrx_word' id='word_1_15' title='bbox 2009 1028 2188 1092; x_wconf 86' lang='lat' dir='ltr'><strong>curia</strong></span> <span class='ocrx_word' id='word_1_16' title='bbox 2213 1028 2612 1111; x_wconf 75' lang='lat' dir='ltr'><strong>praeparaba-</strong></span> 
     </span>
     <span class='ocr_line' id='line_1_4' title="bbox 703 1128 2612 1199; baseline -0.001 -1"><span class='ocrx_word' id='word_1_17' title='bbox 703 1139 816 1199; x_wconf 89' lang='lat' dir='ltr'><strong>tur</strong></span> <span class='ocrx_word' id='word_1_18' title='bbox 843 1138 909 1197; x_wconf 90' lang='lat' dir='ltr'><strong>et</strong></span> <span class='ocrx_word' id='word_1_19' title='bbox 936 1130 1274 1196; x_wconf 84' lang='lat' dir='ltr'><strong>timuimus</strong></span> <span class='ocrx_word' id='word_1_20' title='bbox 1301 1128 1475 1192; x_wconf 89' lang='lat' dir='ltr'><strong>illius</strong></span> <span class='ocrx_word' id='word_1_21' title='bbox 1505 1128 1632 1193; x_wconf 87' lang='lat' dir='ltr'><strong>diei</strong></span> <span class='ocrx_word' id='word_1_22' title='bbox 1661 1128 2216 1193; x_wconf 84' lang='lat' dir='ltr'><strong>consuetudinem.</strong></span> <span class='ocrx_word' id='word_1_23' title='bbox 2305 1129 2409 1193; x_wconf 91' lang='lat' dir='ltr'><strong>De</strong></span> <span class='ocrx_word' id='word_1_24' title='bbox 2442 1151 2612 1197; x_wconf 86' lang='lat' dir='ltr'><strong>nun-</strong></span> 
     </span>
     <span class='ocr_line' id='line_1_5' title="bbox 705 1231 2613 1319; baseline -0.004 -17"><span class='ocrx_word' id='word_1_25' title='bbox 705 1235 840 1315; x_wconf 82' lang='lat' dir='ltr'><strong>ciis,</strong></span> <span class='ocrx_word' id='word_1_26' title='bbox 889 1254 1045 1319; x_wconf 87' lang='lat' dir='ltr'><strong>quos</strong></span> <span class='ocrx_word' id='word_1_27' title='bbox 1097 1232 1179 1299; x_wconf 88' lang='lat' dir='ltr'><strong>ad</strong></span> <span class='ocrx_word' id='word_1_28' title='bbox 1232 1231 1568 1296; x_wconf 88' lang='lat' dir='ltr'><strong>dominum</strong></span> <span class='ocrx_word' id='word_1_29' title='bbox 1618 1231 2070 1314; x_wconf 81' lang='lat' dir='ltr'><strong>imperatorem</strong></span> <span class='ocrx_word' id='word_1_30' title='bbox 2118 1231 2400 1310; x_wconf 80' lang='lat' dir='ltr'><strong>misistis,</strong></span> <span class='ocrx_word' id='word_1_31' title='bbox 2448 1231 2613 1295; x_wconf 87' lang='lat' dir='ltr'><strong>nihil</strong></span> 
     </span>
     <span class='ocr_line' id='line_1_6' title="bbox 702 1333 2612 1423; baseline -0.004 -20"><span class='ocrx_word' id='word_1_32' title='bbox 702 1344 928 1423; x_wconf 82' lang='lat' dir='ltr'><strong>postea</strong></span> <span class='ocrx_word' id='word_1_33' title='bbox 955 1334 1332 1400; x_wconf 87' lang='lat' dir='ltr'><strong>audivimus.</strong></span> <span class='ocrx_word' id='word_1_34' title='bbox 1394 1333 1498 1398; x_wconf 91' lang='lat' dir='ltr'><strong>De</strong></span> <span class='ocrx_word' id='word_1_35' title='bbox 1525 1338 1757 1412; x_wconf 84' lang='lat' dir='ltr'><strong>vestro,</strong></span> <span class='ocrx_word' id='word_1_36' title='bbox 1778 1333 1948 1416; x_wconf 86' lang='lat' dir='ltr'><strong>quod</strong></span> <span class='ocrx_word' id='word_1_37' title='bbox 1978 1333 2142 1397; x_wconf 88' lang='lat' dir='ltr'><strong>mihi</strong></span> <span class='ocrx_word' id='word_1_38' title='bbox 2170 1353 2286 1416; x_wconf 88' lang='lat' dir='ltr'><strong>per</strong></span> <span class='ocrx_word' id='word_1_39' title='bbox 2308 1333 2612 1417; x_wconf 73' lang='lat' dir='ltr'><strong>Regina]-</strong></span> 
     </span>
     <span class='ocr_line' id='line_1_7' title="bbox 705 1434 2611 1514; baseline -0.004 -9"><span class='ocrx_word' id='word_1_40' title='bbox 705 1441 864 1505; x_wconf 83' lang='lat' dir='ltr'><strong>dum</strong></span> <span class='ocrx_word' id='word_1_41' title='bbox 902 1437 1169 1503; x_wconf 86' lang='lat' dir='ltr'><strong>misistis</strong></span> <span class='ocrx_word' id='word_1_42' title='bbox 1210 1441 1475 1514; x_wconf 83' lang='lat' dir='ltr'><strong>secreto,</strong></span> <span class='ocrx_word' id='word_1_43' title='bbox 1506 1456 1724 1500; x_wconf 85' lang='lat' dir='ltr'><strong>eoram</strong></span> <span class='ocrx_word' id='word_1_44' title='bbox 1752 1435 2080 1500; x_wconf 88' lang='lat' dir='ltr'><strong>Willelmo</strong></span> <span class='ocrx_word' id='word_1_45' title='bbox 2118 1435 2252 1499; x_wconf 90' lang='lat' dir='ltr'><strong>filio</strong></span> <span class='ocrx_word' id='word_1_46' title='bbox 2294 1434 2611 1499; x_wconf 79' lang='lat' dir='ltr'><strong>Hamonis</strong></span> 
     </span>
     <span class='ocr_line' id='line_1_8' title="bbox 706 1537 2610 1625; baseline -0.003 -18"><span class='ocrx_word' id='word_1_47' title='bbox 706 1549 772 1608; x_wconf 85' lang='lat' dir='ltr'><strong>et</strong></span> <span class='ocrx_word' id='word_1_48' title='bbox 815 1539 1229 1625; x_wconf 87' lang='lat' dir='ltr'><strong>postmodum</strong></span> <span class='ocrx_word' id='word_1_49' title='bbox 1271 1537 1505 1603; x_wconf 80' lang='lat' dir='ltr'>abbate</span> <span class='ocrx_word' id='word_1_50' title='bbox 1548 1537 1629 1602; x_wconf 89' lang='lat' dir='ltr'><strong>de</strong></span> <span class='ocrx_word' id='word_1_51' title='bbox 1658 1538 1923 1602; x_wconf 84' lang='lat' dir='ltr'><strong>Walace</strong></span> <span class='ocrx_word' id='word_1_52' title='bbox 1962 1559 2141 1621; x_wconf 89' lang='lat' dir='ltr'><strong>spem</strong></span> <span class='ocrx_word' id='word_1_53' title='bbox 2180 1537 2420 1602; x_wconf 86' lang='lat' dir='ltr'><strong>bonam</strong></span> <span class='ocrx_word' id='word_1_54' title='bbox 2458 1557 2610 1601; x_wconf 88' lang='lat' dir='ltr'><strong>con-</strong></span> 
     </span>
     <span class='ocr_line' id='line_1_9' title="bbox 707 1638 2612 1725; baseline -0.003 -16"><span class='ocrx_word' id='word_1_55' title='bbox 707 1642 995 1725; x_wconf 89' lang='lat' dir='ltr'><strong>cepimus</strong></span> <span class='ocrx_word' id='word_1_56' title='bbox 1034 1639 1207 1723; x_wconf 87' lang='lat' dir='ltr'><strong>quod</strong></span> <span class='ocrx_word' id='word_1_57' title='bbox 1243 1639 1377 1702; x_wconf 88' lang='lat' dir='ltr'><strong>fiet.</strong></span> <span class='ocrx_word' id='word_1_58' title='bbox 1465 1638 1701 1704; x_wconf 79' lang='lat' dir='ltr'><strong>Valeat</strong></span> <span class='ocrx_word' id='word_1_59' title='bbox 1740 1645 1808 1703; x_wconf 87' lang='lat' dir='ltr'><strong>et</strong></span> <span class='ocrx_word' id='word_1_60' title='bbox 1847 1639 1963 1703; x_wconf 88' lang='lat' dir='ltr'><strong>diu</strong></span> <span class='ocrx_word' id='word_1_61' title='bbox 1998 1640 2213 1723; x_wconf 83' lang='lat' dir='ltr'><strong>vigeat</strong></span> <span class='ocrx_word' id='word_1_62' title='bbox 2253 1639 2612 1704; x_wconf 80' lang='lat' dir='ltr'><strong>sublimitas</strong></span> 
     </span>
     <span class='ocr_line' id='line_1_10' title="bbox 704 1740 2610 1821; baseline -0.003 -11"><span class='ocrx_word' id='word_1_63' title='bbox 704 1751 934 1810; x_wconf 84' lang='lat' dir='ltr'><strong>vestra.</strong></span> <span class='ocrx_word' id='word_1_64' title='bbox 1026 1740 1498 1808; x_wconf 84' lang='lat' dir='ltr'><strong>Consortamini</strong></span> <span class='ocrx_word' id='word_1_65' title='bbox 1525 1741 1597 1805; x_wconf 89' lang='lat' dir='ltr'><strong>in</strong></span> <span class='ocrx_word' id='word_1_66' title='bbox 1629 1742 1934 1821; x_wconf 91' lang='lat' dir='ltr'><strong>Domino,</strong></span> <span class='ocrx_word' id='word_1_67' title='bbox 1966 1749 2033 1807; x_wconf 87' lang='lat' dir='ltr'><strong>et</strong></span> <span class='ocrx_word' id='word_1_68' title='bbox 2063 1743 2308 1807; x_wconf 85' lang='lat' dir='ltr'><strong>exultet</strong></span> <span class='ocrx_word' id='word_1_69' title='bbox 2337 1763 2446 1806; x_wconf 87' lang='lat' dir='ltr'><strong>cor</strong></span> <span class='ocrx_word' id='word_1_70' title='bbox 2472 1762 2610 1805; x_wconf 84' lang='lat' dir='ltr'><strong>ves-</strong></span> 
     </span>
     <span class='ocr_line' id='line_1_11' title="bbox 703 1844 2611 1929; baseline -0.003 -16"><span class='ocrx_word' id='word_1_71' title='bbox 703 1853 899 1925; x_wconf 68' lang='grc' dir='ltr'><strong>ῒτιιῑῑι,</strong></span> <span class='ocrx_word' id='word_1_72' title='bbox 932 1844 1238 1929; x_wconf 87' lang='lat' dir='ltr'><strong>quoniam</strong></span> <span class='ocrx_word' id='word_1_73' title='bbox 1275 1864 1537 1928; x_wconf 78' lang='lat' dir='ltr'>presens</span> <span class='ocrx_word' id='word_1_74' title='bbox 1574 1844 1876 1909; x_wconf 89' lang='lat' dir='ltr'><strong>nubilum</strong></span> <span class='ocrx_word' id='word_1_75' title='bbox 1915 1845 1998 1909; x_wconf 89' lang='lat' dir='ltr'><strong>ad</strong></span> <span class='ocrx_word' id='word_1_76' title='bbox 2036 1845 2307 1928; x_wconf 78' lang='lat' dir='ltr'><strong>gloriam</strong></span> <span class='ocrx_word' id='word_1_77' title='bbox 2334 1850 2611 1908; x_wconf 86' lang='lat' dir='ltr'><strong>vestram</strong></span> 
     </span>
     <span class='ocr_line' id='line_1_12' title="bbox 706 1940 2610 2034; baseline -0.002 -19"><span class='ocrx_word' id='word_1_78' title='bbox 706 1955 1008 2034; x_wconf 84' lang='lat' dir='ltr'><strong>sequetur</strong></span> <span class='ocrx_word' id='word_1_79' title='bbox 1036 1960 1366 2012; x_wconf 77' lang='lat' dir='ltr'><strong>serenum.‘</strong></span> <span class='ocrx_word' id='word_1_80' title='bbox 1446 1946 1571 2011; x_wconf 89' lang='lat' dir='ltr'><strong>Die</strong></span> <span class='ocrx_word' id='word_1_81' title='bbox 1618 1947 1887 2012; x_wconf 87' lang='lat' dir='ltr'><strong>Sabbati</strong></span> <span class='ocrx_word' id='word_1_82' title='bbox 1925 1954 2078 2012; x_wconf 87' lang='lat' dir='ltr'><strong>ante</strong></span> <span class='ocrx_word' id='word_1_83' title='bbox 2116 1940 2328 2012; x_wconf 79' lang='lat' dir='ltr'><strong>ramos</strong></span> <span class='ocrx_word' id='word_1_84' title='bbox 2370 1948 2610 2031; x_wconf 80' lang='lat' dir='ltr'><strong>palma-</strong></span> 
     </span>
     <span class='ocr_line' id='line_1_13' title="bbox 705 2049 2615 2134; baseline -0.003 -15"><span class='ocrx_word' id='word_1_85' title='bbox 705 2074 855 2119; x_wconf 88' lang='lat' dir='ltr'><strong>rum</strong></span> <span class='ocrx_word' id='word_1_86' title='bbox 913 2052 996 2116; x_wconf 87' lang='lat' dir='ltr'><strong>ad</strong></span> <span class='ocrx_word' id='word_1_87' title='bbox 1053 2051 1298 2117; x_wconf 86' lang='lat' dir='ltr'><strong>curiam</strong></span> <span class='ocrx_word' id='word_1_88' title='bbox 1356 2049 1669 2129; x_wconf 83' lang='lat' dir='ltr'><strong>venimus,</strong></span> <span class='ocrx_word' id='word_1_89' title='bbox 1717 2056 1784 2114; x_wconf 90' lang='lat' dir='ltr'><strong>et</strong></span> <span class='ocrx_word' id='word_1_90' title='bbox 1831 2051 2000 2115; x_wconf 86' lang='lat' dir='ltr'><strong>lator</strong></span> <span class='ocrx_word' id='word_1_91' title='bbox 2048 2050 2465 2134; x_wconf 67' lang='lat' dir='ltr'><strong>praesentium</strong></span> <span class='ocrx_word' id='word_1_92' title='bbox 2511 2049 2615 2113; x_wconf 88' lang='lat' dir='ltr'><strong>die</strong></span> 
     </span>
     <span class='ocr_line' id='line_1_14' title="bbox 707 2152 1552 2241; baseline -0.008 -18"><span class='ocrx_word' id='word_1_93' title='bbox 707 2155 961 2241; x_wconf 81' lang='lat' dir='ltr'><strong>paschae</strong></span> <span class='ocrx_word' id='word_1_94' title='bbox 988 2154 1249 2221; x_wconf 80' lang='lat' dir='ltr'><strong>recessit</strong></span> <span class='ocrx_word' id='word_1_95' title='bbox 1278 2175 1319 2219; x_wconf 87' lang='lat' dir='ltr'><strong>a</strong></span> <span class='ocrx_word' id='word_1_96' title='bbox 1345 2152 1552 2218; x_wconf 89' lang='lat' dir='ltr'><strong>nobis.</strong></span> 
     </span>
    </p>
   </div>
   <div class='ocr_carea' id='block_1_3' title="bbox 780 2569 2543 2738">
    <p class='ocr_par' dir='ltr' id='par_1_3' title="bbox 780 2569 2543 2738">
     <span class='ocr_line' id='line_1_15' title="bbox 780 2569 2543 2637; baseline -0.001 0"><span class='ocrx_word' id='word_1_97' title='bbox 780 2570 1223 2637; x_wconf 81' lang='lat' dir='ltr'><strong>EPISTOLA</strong></span> <span class='ocrx_word' id='word_1_98' title='bbox 1267 2569 2101 2635; x_wconf 74' lang='lat' dir='ltr'><strong>CCCOXLI.—nccnnsm</strong></span> <span class='ocrx_word' id='word_1_99' title='bbox 2134 2591 2543 2636; x_wconf 73' lang='lat' dir='ltr'>ANGLICANAE</span> 
     </span>
     <span class='ocr_line' id='line_1_16' title="bbox 1128 2693 2190 2738; baseline 0.001 -1"><span class='ocrx_word' id='word_1_100' title='bbox 1128 2693 1220 2737; x_wconf 73' lang='lat' dir='ltr'><strong>AD</strong></span> <span class='ocrx_word' id='word_1_101' title='bbox 1253 2693 1553 2737; x_wconf 67' lang='lat' dir='ltr'><strong>&#39;monum</strong></span> <span class='ocrx_word' id='word_1_102' title='bbox 1586 2693 2190 2738; x_wconf 72' lang='lat' dir='ltr'><strong>cANwAnmNsnu.</strong></span> 
     </span>
    </p>
   </div>
   <div class='ocr_carea' id='block_1_4' title="bbox 737 2822 2572 2991">
    <p class='ocr_par' dir='ltr' id='par_1_4' title="bbox 737 2822 2572 2991">
     <span class='ocr_line' id='line_1_17' title="bbox 737 2822 2572 2907; baseline -0.001 -18"><span class='ocrx_word' id='word_1_103' title='bbox 737 2825 1025 2889; x_wconf 78' lang='lat' dir='ltr'><strong>Ecclesia</strong></span> <span class='ocrx_word' id='word_1_104' title='bbox 1053 2823 1408 2906; x_wconf 73' lang='lat' dir='ltr'><strong>Anylicana</strong></span> <span class='ocrx_word' id='word_1_105' title='bbox 1438 2822 1871 2887; x_wconf 76' lang='lat' dir='ltr'><strong>Cantuariensi</strong></span> <span class='ocrx_word' id='word_1_106' title='bbox 1901 2826 2378 2907; x_wconf 74' lang='lat' dir='ltr'><strong>archiepiscopo,</strong></span> <span class='ocrx_word' id='word_1_107' title='bbox 2408 2827 2572 2888; x_wconf 75' lang='lat' dir='ltr'><strong>salu-</strong></span> 
     </span>
     <span class='ocr_line' id='line_1_18' title="bbox 1216 2925 2098 2991; baseline 0.003 -3"><span class='ocrx_word' id='word_1_108' title='bbox 1216 2932 1333 2988; x_wconf 85' lang='lat' dir='ltr'><strong>tem</strong></span> <span class='ocrx_word' id='word_1_109' title='bbox 1362 2931 1423 2988; x_wconf 85' lang='lat' dir='ltr'><strong>et</strong></span> <span class='ocrx_word' id='word_1_110' title='bbox 1452 2925 1721 2988; x_wconf 83' lang='lat' dir='ltr'><strong>debitam</strong></span> <span class='ocrx_word' id='word_1_111' title='bbox 1752 2928 2098 2991; x_wconf 84' lang='lat' dir='ltr'><strong>caritatem.</strong></span> 
     </span>
    </p>
   </div>
   <div class='ocr_carea' id='block_1_5' title="bbox 706 3074 2636 4492">
    <p class='ocr_par' dir='ltr' id='par_1_5' title="bbox 706 3074 2636 4492">
     <span class='ocr_line' id='line_1_19' title="bbox 797 3074 2619 3160; baseline 0 -20"><span class='ocrx_word' id='word_1_112' title='bbox 797 3076 1132 3140; x_wconf 71' lang='lat' dir='ltr'><strong>Vns&#39;rnAu</strong></span> <span class='ocrx_word' id='word_1_113' title='bbox 1163 3074 1399 3138; x_wconf 90' lang='lat' dir='ltr'><strong>scimus</strong></span> <span class='ocrx_word' id='word_1_114' title='bbox 1427 3096 1564 3139; x_wconf 92' lang='lat' dir='ltr'><strong>non</strong></span> <span class='ocrx_word' id='word_1_115' title='bbox 1589 3075 1793 3140; x_wconf 84' lang='lat' dir='ltr'><strong>latere</strong></span> <span class='ocrx_word' id='word_1_116' title='bbox 1821 3076 2253 3160; x_wconf 84' lang='lat' dir='ltr'><strong>prudentiam,</strong></span> <span class='ocrx_word' id='word_1_117' title='bbox 2283 3097 2404 3141; x_wconf 87' lang='lat' dir='ltr'><strong>nos</strong></span> <span class='ocrx_word' id='word_1_118' title='bbox 2443 3096 2619 3140; x_wconf 88' lang='lat' dir='ltr'><strong>anno</strong></span> 
     </span>
     <span class='ocr_line' id='line_1_20' title="bbox 706 3177 2618 3264; baseline -0.001 -20"><span class='ocrx_word' id='word_1_119' title='bbox 706 3180 846 3264; x_wconf 87' lang='lat' dir='ltr'><strong>jam</strong></span> <span class='ocrx_word' id='word_1_120' title='bbox 882 3177 1207 3262; x_wconf 87' lang='lat' dir='ltr'><strong>praeterito</strong></span> <span class='ocrx_word' id='word_1_121' title='bbox 1245 3178 1329 3242; x_wconf 86' lang='lat' dir='ltr'><strong>ad</strong></span> <span class='ocrx_word' id='word_1_122' title='bbox 1371 3177 1709 3243; x_wconf 87' lang='lat' dir='ltr'><strong>dominum</strong></span> <span class='ocrx_word' id='word_1_123' title='bbox 1747 3200 1979 3263; x_wconf 86' lang='lat' dir='ltr'><strong>papam</strong></span> <span class='ocrx_word' id='word_1_124' title='bbox 2020 3180 2389 3262; x_wconf 80' lang='lat' dir='ltr'><strong>appellasse,</strong></span> <span class='ocrx_word' id='word_1_125' title='bbox 2420 3186 2486 3245; x_wconf 86' lang='lat' dir='ltr'><strong>et</strong></span> <span class='ocrx_word' id='word_1_126' title='bbox 2522 3178 2618 3243; x_wconf 87' lang='lat' dir='ltr'><strong>di-</strong></span> 
     </span>
     <span class='ocr_line' id='line_1_21' title="bbox 713 3281 2618 3366; baseline 0.001 -21"><span class='ocrx_word' id='word_1_127' title='bbox 713 3281 907 3347; x_wconf 89' lang='lat' dir='ltr'><strong>rectis</strong></span> <span class='ocrx_word' id='word_1_128' title='bbox 937 3281 1019 3345; x_wconf 86' lang='lat' dir='ltr'><strong>ad</strong></span> <span class='ocrx_word' id='word_1_129' title='bbox 1046 3303 1157 3346; x_wconf 86' lang='lat' dir='ltr'><strong>vos</strong></span> <span class='ocrx_word' id='word_1_130' title='bbox 1185 3282 1386 3349; x_wconf 90' lang='lat' dir='ltr'><strong>literis</strong></span> <span class='ocrx_word' id='word_1_131' title='bbox 1426 3281 1492 3347; x_wconf 87' lang='lat' dir='ltr'><strong>id</strong></span> <span class='ocrx_word' id='word_1_132' title='bbox 1532 3282 1745 3366; x_wconf 90' lang='lat' dir='ltr'><strong>ipsum</strong></span> <span class='ocrx_word' id='word_1_133' title='bbox 1776 3282 1954 3345; x_wconf 86' lang='lat' dir='ltr'><strong>vobis</strong></span> <span class='ocrx_word' id='word_1_134' title='bbox 1985 3282 2394 3363; x_wconf 84' lang='lat' dir='ltr'><strong>significasse.</strong></span> <span class='ocrx_word' id='word_1_135' title='bbox 2482 3282 2618 3365; x_wconf 86' lang='lat' dir='ltr'><strong>Ap-</strong></span> 
     </span>
     <span class='ocr_line' id='line_1_22' title="bbox 715 3383 2621 3469; baseline -0.002 -20"><span class='ocrx_word' id='word_1_136' title='bbox 715 3384 1078 3469; x_wconf 87' lang='lat' dir='ltr'><strong>pellationis</strong></span> <span class='ocrx_word' id='word_1_137' title='bbox 1128 3384 1324 3468; x_wconf 86' lang='lat' dir='ltr'><strong>hujus</strong></span> <span class='ocrx_word' id='word_1_138' title='bbox 1371 3404 1613 3463; x_wconf 85' lang='lat' dir='ltr'><strong>causas,</strong></span> <span class='ocrx_word' id='word_1_139' title='bbox 1662 3384 1717 3448; x_wconf 90' lang='lat' dir='ltr'><strong>si</strong></span> <span class='ocrx_word' id='word_1_140' title='bbox 1769 3384 2170 3449; x_wconf 81' lang='lat' dir='ltr'><strong>dissimulare</strong></span> <span class='ocrx_word' id='word_1_141' title='bbox 2220 3406 2356 3449; x_wconf 92' lang='lat' dir='ltr'><strong>non</strong></span> <span class='ocrx_word' id='word_1_142' title='bbox 2404 3383 2621 3461; x_wconf 84' lang='lat' dir='ltr'><strong>vultis,</strong></span> 
     </span>
     <span class='ocr_line' id='line_1_23' title="bbox 715 3485 2616 3570; baseline -0.002 -19"><span class='ocrx_word' id='word_1_143' title='bbox 715 3486 891 3551; x_wconf 84' lang='lat' dir='ltr'><strong>scitis</strong></span> <span class='ocrx_word' id='word_1_144' title='bbox 950 3507 1087 3551; x_wconf 85' lang='lat' dir='ltr'><strong>esse</strong></span> <span class='ocrx_word' id='word_1_145' title='bbox 1133 3486 1539 3570; x_wconf 82' lang='lat' dir='ltr'><strong>justissimas.</strong></span> <span class='ocrx_word' id='word_1_146' title='bbox 1628 3486 1910 3551; x_wconf 90' lang='lat' dir='ltr'><strong>Nullum</strong></span> <span class='ocrx_word' id='word_1_147' title='bbox 1958 3487 2135 3552; x_wconf 90' lang='lat' dir='ltr'><strong>enim</strong></span> <span class='ocrx_word' id='word_1_148' title='bbox 2185 3485 2616 3551; x_wconf 83' lang='lat' dir='ltr'><strong>excommuni-</strong></span> 
     </span>
     <span class='ocr_line' id='line_1_24' title="bbox 716 3587 2621 3672; baseline -0.003 -17"><span class='ocrx_word' id='word_1_149' title='bbox 716 3589 849 3655; x_wconf 86' lang='lat' dir='ltr'><strong>cari</strong></span> <span class='ocrx_word' id='word_1_150' title='bbox 898 3589 1152 3671; x_wconf 86' lang='lat' dir='ltr'><strong>justum</strong></span> <span class='ocrx_word' id='word_1_151' title='bbox 1209 3594 1308 3651; x_wconf 87' lang='lat' dir='ltr'><strong>est</strong></span> <span class='ocrx_word' id='word_1_152' title='bbox 1358 3587 1495 3672; x_wconf 88' lang='lat' dir='ltr'><strong>juri</strong></span> <span class='ocrx_word' id='word_1_153' title='bbox 1551 3609 1621 3651; x_wconf 92' lang='lat' dir='ltr'><strong>se</strong></span> <span class='ocrx_word' id='word_1_154' title='bbox 1679 3588 2076 3667; x_wconf 87' lang='lat' dir='ltr'><strong>offerentem,</strong></span> <span class='ocrx_word' id='word_1_155' title='bbox 2125 3610 2194 3653; x_wconf 89' lang='lat' dir='ltr'><strong>se</strong></span> <span class='ocrx_word' id='word_1_156' title='bbox 2243 3594 2310 3653; x_wconf 90' lang='lat' dir='ltr'><strong>et</strong></span> <span class='ocrx_word' id='word_1_157' title='bbox 2359 3608 2621 3652; x_wconf 85' lang='lat' dir='ltr'><strong>causam</strong></span> 
     </span>
     <span class='ocr_line' id='line_1_25' title="bbox 718 3689 2621 3774; baseline -0.001 -20"><span class='ocrx_word' id='word_1_158' title='bbox 718 3711 903 3754; x_wconf 89' lang='lat' dir='ltr'><strong>suam</strong></span> <span class='ocrx_word' id='word_1_159' title='bbox 932 3689 1164 3754; x_wconf 87' lang='lat' dir='ltr'><strong>divinis</strong></span> <span class='ocrx_word' id='word_1_160' title='bbox 1191 3711 1309 3772; x_wconf 88' lang='lat' dir='ltr'><strong>per</strong></span> <span class='ocrx_word' id='word_1_161' title='bbox 1337 3690 1555 3755; x_wconf 91' lang='lat' dir='ltr'><strong>omnia</strong></span> <span class='ocrx_word' id='word_1_162' title='bbox 1590 3691 1843 3774; x_wconf 86' lang='lat' dir='ltr'><strong>legibus</strong></span> <span class='ocrx_word' id='word_1_163' title='bbox 1883 3692 2395 3756; x_wconf 84' lang='lat' dir='ltr'><strong>submittentem.</strong></span> <span class='ocrx_word' id='word_1_164' title='bbox 2482 3689 2621 3753; x_wconf 83' lang='lat' dir='ltr'><strong>Vos</strong></span> 
     </span>
     <span class='ocr_line' id='line_1_26' title="bbox 716 3791 2621 3877; baseline -0.001 -21"><span class='ocrx_word' id='word_1_165' title='bbox 716 3798 940 3856; x_wconf 87' lang='lat' dir='ltr'><strong>tamen</strong></span> <span class='ocrx_word' id='word_1_166' title='bbox 981 3792 1054 3855; x_wconf 90' lang='lat' dir='ltr'><strong>in</strong></span> <span class='ocrx_word' id='word_1_167' title='bbox 1098 3791 1433 3855; x_wconf 86' lang='lat' dir='ltr'><strong>dominum</strong></span> <span class='ocrx_word' id='word_1_168' title='bbox 1460 3800 1760 3857; x_wconf 88' lang='lat' dir='ltr'><strong>nostrum</strong></span> <span class='ocrx_word' id='word_1_169' title='bbox 1786 3816 2028 3877; x_wconf 87' lang='lat' dir='ltr'><strong>regem,</strong></span> <span class='ocrx_word' id='word_1_170' title='bbox 2058 3815 2099 3858; x_wconf 90' lang='lat' dir='ltr'><strong>a</strong></span> <span class='ocrx_word' id='word_1_171' title='bbox 2126 3814 2381 3858; x_wconf 90' lang='lat' dir='ltr'><strong>summo</strong></span> <span class='ocrx_word' id='word_1_172' title='bbox 2407 3792 2621 3876; x_wconf 88' lang='lat' dir='ltr'><strong>ponti-</strong></span> 
     </span>
     <span class='ocr_line' id='line_1_27' title="bbox 718 3895 2620 3980; baseline 0.001 -22"><span class='ocrx_word' id='word_1_173' title='bbox 718 3895 839 3958; x_wconf 88' lang='lat' dir='ltr'><strong>fice</strong></span> <span class='ocrx_word' id='word_1_174' title='bbox 889 3914 1097 3958; x_wconf 85' lang='lat' dir='ltr'><strong>causae</strong></span> <span class='ocrx_word' id='word_1_175' title='bbox 1149 3914 1281 3959; x_wconf 85' lang='lat' dir='ltr'><strong>suae</strong></span> <span class='ocrx_word' id='word_1_176' title='bbox 1325 3895 1576 3978; x_wconf 88' lang='lat' dir='ltr'><strong>judices</strong></span> <span class='ocrx_word' id='word_1_177' title='bbox 1627 3903 1958 3980; x_wconf 84' lang='lat' dir='ltr'><strong>petentem</strong></span> <span class='ocrx_word' id='word_1_178' title='bbox 2003 3897 2242 3980; x_wconf 79' lang='lat' dir='ltr'><strong>pariter</strong></span> <span class='ocrx_word' id='word_1_179' title='bbox 2285 3903 2352 3960; x_wconf 93' lang='lat' dir='ltr'><strong>et</strong></span> <span class='ocrx_word' id='word_1_180' title='bbox 2397 3915 2620 3978; x_wconf 84' lang='lat' dir='ltr'><strong>expec-</strong></span> 
     </span>
     <span class='ocr_line' id='line_1_28' title="bbox 716 3997 2625 4074; baseline -0.001 -12"><span class='ocrx_word' id='word_1_181' title='bbox 716 4000 991 4074; x_wconf 82' lang='lat' dir='ltr'><strong>tantem,</strong></span> <span class='ocrx_word' id='word_1_182' title='bbox 1042 3998 1720 4065; x_wconf 76' lang='lat' dir='ltr'><strong>excommunicationis</strong></span> <span class='ocrx_word' id='word_1_183' title='bbox 1768 4000 1935 4064; x_wconf 82' lang='lat' dir='ltr'><strong>ferre</strong></span> <span class='ocrx_word' id='word_1_184' title='bbox 1994 3999 2385 4063; x_wconf 84' lang='lat' dir='ltr'><strong>sententiam</strong></span> <span class='ocrx_word' id='word_1_185' title='bbox 2436 4003 2502 4061; x_wconf 90' lang='lat' dir='ltr'><strong>et</strong></span> <span class='ocrx_word' id='word_1_186' title='bbox 2550 3997 2625 4060; x_wconf 88' lang='lat' dir='ltr'><strong>in</strong></span> 
     </span>
     <span class='ocr_line' id='line_1_29' title="bbox 718 4099 2625 4185; baseline -0.001 -20"><span class='ocrx_word' id='word_1_187' title='bbox 718 4119 997 4182; x_wconf 86' lang='lat' dir='ltr'><strong>regnum</strong></span> <span class='ocrx_word' id='word_1_188' title='bbox 1044 4099 1183 4184; x_wconf 89' lang='lat' dir='ltr'><strong>ejus</strong></span> <span class='ocrx_word' id='word_1_189' title='bbox 1228 4100 1560 4167; x_wconf 81' lang='lat' dir='ltr'><strong>interdicti</strong></span> <span class='ocrx_word' id='word_1_190' title='bbox 1611 4123 1871 4185; x_wconf 89' lang='lat' dir='ltr'><strong>poenam</strong></span> <span class='ocrx_word' id='word_1_191' title='bbox 1924 4108 2208 4166; x_wconf 85' lang='lat' dir='ltr'><strong>statuere</strong></span> <span class='ocrx_word' id='word_1_192' title='bbox 2267 4099 2625 4176; x_wconf 84' lang='lat' dir='ltr'><strong>severitate,</strong></span> 
     </span>
     <span class='ocr_line' id='line_1_30' title="bbox 723 4201 2623 4287; baseline -0.001 -20"><span class='ocrx_word' id='word_1_193' title='bbox 723 4201 777 4267; x_wconf 90' lang='lat' dir='ltr'><strong>si</strong></span> <span class='ocrx_word' id='word_1_194' title='bbox 819 4203 1029 4287; x_wconf 84' lang='lat' dir='ltr'><strong>placet</strong></span> <span class='ocrx_word' id='word_1_195' title='bbox 1073 4203 1428 4284; x_wconf 85' lang='lat' dir='ltr'><strong>attendere,</strong></span> <span class='ocrx_word' id='word_1_196' title='bbox 1462 4226 1596 4269; x_wconf 90' lang='lat' dir='ltr'><strong>non</strong></span> <span class='ocrx_word' id='word_1_197' title='bbox 1625 4213 1801 4268; x_wconf 88' lang='lat' dir='ltr'><strong>recte</strong></span> <span class='ocrx_word' id='word_1_198' title='bbox 1830 4205 2091 4287; x_wconf 88' lang='lat' dir='ltr'><strong>quidem</strong></span> <span class='ocrx_word' id='word_1_199' title='bbox 2118 4203 2451 4268; x_wconf 83' lang='lat' dir='ltr'><strong>moderata</strong></span> <span class='ocrx_word' id='word_1_200' title='bbox 2478 4223 2623 4286; x_wconf 88' lang='lat' dir='ltr'><strong>pro-</strong></span> 
     </span>
     <span class='ocr_line' id='line_1_31' title="bbox 718 4305 2636 4391; baseline 0 -22"><span class='ocrx_word' id='word_1_201' title='bbox 718 4306 1042 4390; x_wconf 90' lang='lat' dir='ltr'><strong>posuistis.</strong></span> <span class='ocrx_word' id='word_1_202' title='bbox 1134 4305 1283 4372; x_wconf 78' lang='lat' dir='ltr'><strong>Quo</strong></span> <span class='ocrx_word' id='word_1_203' title='bbox 1311 4307 1623 4370; x_wconf 90' lang='lat' dir='ltr'><strong>nimirum</strong></span> <span class='ocrx_word' id='word_1_204' title='bbox 1660 4306 1851 4371; x_wconf 87' lang='lat' dir='ltr'><strong>modo</strong></span> <span class='ocrx_word' id='word_1_205' title='bbox 1892 4307 1947 4370; x_wconf 86' lang='lat' dir='ltr'><strong>si</strong></span> <span class='ocrx_word' id='word_1_206' title='bbox 1983 4306 2392 4391; x_wconf 76' lang='lat' dir='ltr'><strong>processisset</strong></span> <span class='ocrx_word' id='word_1_207' title='bbox 2429 4326 2636 4388; x_wconf 56' lang='lat' dir='ltr'><strong>nego«</strong></span> 
     </span>
     <span class='ocr_line' id='line_1_32' title="bbox 722 4407 2627 4492; baseline 0.001 -21"><span class='ocrx_word' id='word_1_208' title='bbox 722 4408 910 4487; x_wconf 78' lang='lat' dir='ltr'><strong>tium,</strong></span> <span class='ocrx_word' id='word_1_209' title='bbox 953 4407 1214 4473; x_wconf 85' lang='lat' dir='ltr'><strong>domino</strong></span> <span class='ocrx_word' id='word_1_210' title='bbox 1259 4414 1481 4473; x_wconf 86' lang='lat' dir='ltr'><strong>nostro</strong></span> <span class='ocrx_word' id='word_1_211' title='bbox 1527 4428 1707 4490; x_wconf 86' lang='lat' dir='ltr'><strong>papae</strong></span> <span class='ocrx_word' id='word_1_212' title='bbox 1755 4416 2118 4492; x_wconf 78' lang='lat' dir='ltr'><strong>sanctaeque</strong></span> <span class='ocrx_word' id='word_1_213' title='bbox 2167 4410 2479 4474; x_wconf 82' lang='lat' dir='ltr'><strong>Romanae</strong></span> <span class='ocrx_word' id='word_1_214' title='bbox 2525 4428 2627 4472; x_wconf 86' lang='lat' dir='ltr'><strong>ec-</strong></span> 
     </span>
    </p>
   </div>
  </div>
 </body>
</html>
