3200 5392
610 819 748 905 Assn.
785 836 1182 921 1161-89.]
1284 854 1619 899 nnsrom
1652 853 1975 906 QUAEDAM.
2391 833 2523 899 269

611 988 761 1047 rent
805 980 1121 1065 expedire,
1166 984 1234 1043 et
1277 976 1791 1063 prosecutionem
1835 975 1897 1040 ei
1940 974 2157 1059 regius
2199 974 2377 1040 favor
2426 975 2529 1039 in-

614 1084 930 1169 dulgeret,
978 1089 1057 1147 ut
1116 1102 1266 1146 mox
1323 1100 1526 1164 regno
1576 1085 1792 1163 posset
1844 1078 2167 1157 excedere,
2199 1078 2302 1143 *de
2359 1099 2526 1143 novo

615 1189 964 1272 appellaret
1017 1208 1057 1251 a
1107 1184 1498 1269 gravamine,
1549 1204 1687 1247 non
1743 1182 1944 1261 illato,
1999 1182 2113 1246 sed
2160 1182 2526 1261 formidato,

614 1292 766 1357 licet
801 1290 1135 1375 impetrari
1162 1295 1380 1373 posset
1410 1288 1712 1352 adversus
1742 1306 2004 1351 omnem
2034 1286 2528 1370 appellationem

617 1395 889 1479 speciale
919 1392 1315 1457 subsidium:
1364 1391 1537 1475 quod
1566 1390 1623 1455 si
1651 1391 1713 1455 ei
1739 1390 2194 1469 innotesceret,
2218 1395 2284 1453 et
2311 1395 2527 1473 pasto-

616 1498 704 1562 ris
744 1498 847 1561 sui
888 1495 1213 1561 sententia
1252 1494 1440 1558 illum
1485 1492 1880 1577 percelleret,
1928 1492 2307 1557 obedienter
2348 1492 2528 1555 illam

617 1601 986 1684 susciperet.
1078 1597 1226 1664 Hoc
1267 1598 1440 1662 dicto
1480 1595 1953 1660 Londoniensis
1982 1595 2362 1679 religionem
2389 1595 2529 1679 ejus

616 1703 955 1767 ridiculam
983 1702 1157 1779 fecit,
1189 1707 1256 1765 et
1285 1698 1670 1763 Exoniensis
1700 1698 2003 1782 deinceps
2043 1704 2225 1762 extra
2256 1719 2527 1783 synago-

619 1828 770 1890 gam
798 1805 942 1869 fuit.
1024 1803 1291 1869 Accitus
1323 1807 1421 1867 est
1451 1801 1752 1865 dominus
1780 1801 2252 1866 Wintoniensis
2286 1822 2402 1885 per
2429 1821 2528 1866 re-

620 1909 946 1993 sponsales
997 1928 1167 1985 suos,
1215 1912 1292 1970 ut
1345 1906 1518 1990 apud
1567 1905 2120 1970 Northamtonam
2172 1926 2363 1988 super
2418 1903 2534 1969 illa,

621 2012 977 2097 quaestione
1035 2010 1424 2094 coepiscopis
1497 2010 1631 2074 suis
1702 2012 2028 2095 proposita
2091 2009 2528 2094 responderet.

619 2113 969 2199 Rescripsit
1026 2114 1247 2198 itaque
1307 2114 1609 2178 dominus
1668 2113 2137 2177 Wintoniensis
2197 2112 2326 2177 sic:
2392 2111 2530 2175 Lex

619 2219 838 2284 divina
873 2217 1249 2302 praescribit,
1283 2218 1456 2300 quod
1494 2216 1852 2300 appellatus
1893 2217 1977 2281 ad
2015 2216 2325 2300 majorem
2356 2215 2530 2299 judi-

621 2343 784 2400 cem,
830 2320 914 2385 ad
955 2320 1327 2386 inferiorem
1375 2319 1693 2403 appellare
1735 2341 1872 2384 non
1914 2326 2148 2404 potest.
2240 2317 2534 2386 Quilibet

618 2430 857 2503 autem,
910 2424 1020 2508 qui
1066 2423 1366 2507 appellat,
1419 2423 1835 2507 appellationi
1883 2422 2342 2507 prosequendae
2393 2442 2531 2486 sese

620 2549 700 2592 ex
728 2527 1110 2592 necessitate
1141 2526 1509 2609 adstringit.
1586 2526 1755 2590 Inde
1786 2532 1903 2606 est,
1923 2526 2097 2610 quod
2128 2526 2279 2610 quia
2306 2524 2532 2590 morbo

623 2631 931 2714 senioque
975 2630 1287 2714 fatigatus
1334 2651 1376 2694 a
1425 2629 1711 2694 Domino
1771 2630 2072 2714 appellor,
2128 2630 2417 2694 saeculari
2467 2635 2533 2693 et

606 2734 865 2798 'forensi
937 2732 1350 2817 appellationi
1421 2732 1733 2798 faciendae
1789 2733 2060 2798 idoneus
2117 2754 2251 2798 non
2309 2732 2532 2797 existo.

626 2836 823 2900 Unde
863 2836 1274 2900 dilectionem
1317 2842 1595 2900 vestram
1639 2843 1966 2900 exoratam
2010 2857 2148 2900 esse
2185 2836 2347 2915 volo,
2381 2857 2535 2919 qua-

624 2946 819 3003 tenus
857 2960 961 3003 me
1001 2939 1073 3002 in
1110 2939 1255 3003 illas
1295 2939 1740 3023 appellationis
1771 2941 2100 3024 angustias
2130 2940 2404 3024 parcatis
2433 2941 2533 3003 in-

625 3041 909 3120 trudere,
962 3040 1079 3105 ubi
1136 3042 1602 3107 maledictionis
1654 3043 1945 3127 jaculum
1993 3042 2267 3108 debeam
2315 3043 2534 3107 formi-

629 3143 801 3206 dare.
895 3143 1087 3206 Hanc
1133 3164 1283 3207 vero
1330 3145 1763 3227 responsionis
1808 3146 2101 3225 formam,
2149 3146 2302 3211 licet
2354 3146 2537 3210 audi-

628 3251 803 3309 tores
848 3244 1226 3329 suspicionis
1270 3245 1623 3327 arguerint,
1667 3247 1899 3311 maluit
1944 3247 2242 3311 dominus
2277 3248 2535 3312 Winto-

630 3346 873 3412 niensis
923 3348 1199 3411 offensas
1257 3347 1601 3410 hominum
1660 3349 1911 3427 mereri,
1960 3370 2154 3431 quam
2212 3349 2538 3414 offendere

628 3453 842 3535 legem
884 3450 1030 3515 Dei.
1123 3448 1316 3514 Quod
1360 3456 1427 3514 et
1470 3447 1685 3534 palam
1726 3451 1898 3532 fecit,
1931 3451 2188 3535 quando
2227 3453 2537 3517 denunci-

629 3554 914 3619 ationem
960 3553 1640 3618 excommunicationis
1687 3553 1810 3619 sibi
1859 3555 2204 3620 insinuatae
2252 3555 2538 3641 publica-

627 3659 737 3739 vit,
771 3666 837 3724 et
874 3658 1109 3724 exinde
1148 3658 1546 3723 consortium
1583 3658 2281 3724 excommunicatorum
2327 3665 2539 3724 atten-

629 3763 759 3829 tius
806 3762 1085 3828 evitavit.
1180 3761 1563 3846 Suggeritur
1608 3769 1829 3827 autem
1874 3762 2080 3843 nobis,
2124 3763 2295 3846 quod
2343 3764 2536 3847 Regi-

630 3866 865 3932 naldus
907 3865 1395 3932 archidiaconus
1423 3865 1753 3931 Wiltesire
1796 3866 1965 3951 patri
2010 3887 2126 3931 suo
2167 3867 2540 3933 reconcilia-

632 3969 881 4033 tionem
908 3969 1365 4053 impetraverit,
1385 3974 1451 4033 et
1475 3968 1648 4054 quod
1677 3968 1978 4033 dominus
2006 3991 2173 4054 papa
2200 3972 2540 4036 sententiae

634 4063 785 4134 latae
833 4090 1092 4152 prorsus
1142 4070 1407 4153 ignarus
1455 4070 1793 4137 exstiterit.
1884 4071 2081 4136 Unde
2131 4079 2198 4137 et
2247 4073 2539 4156 fingitur,

637 4171 810 4257 quod
853 4172 1294 4237 Londoniensi
1337 4180 1404 4239 et
1450 4174 1919 4240 Saresberiensi
1957 4196 2167 4242 eausae
2203 4175 2540 4259 eujusdam

636 4273 1068 4359 cognitionem
1138 4295 1288 4339 cum
1354 4276 1700 4360 apostolica
1756 4276 2207 4342 benedictione
2265 4277 2539 4361 deleget,

636 4385 863 4463 estque
903 4377 1056 4442 data
1093 4377 1385 4462 rescripti
1413 4386 1559 4463 post
1589 4380 1760 4444 diem
1788 4379 1938 4445 latae
1967 4379 2324 4445 sententiae.
2417 4381 2538 4444 Su-

634 4502 750 4566 per
777 4481 900 4546 hoc
929 4501 1080 4546 vero
1109 4481 1488 4548 cavillantur
1530 4483 1854 4563 malitiosi,
1886 4483 2062 4569 quod
2105 4485 2539 4550 excommuni-
