3200 5392
1070 437 1091 456 0

588 960 724 1004 A.D.
765 939 1155 1021 1161—89.]
1255 958 1588 1002 Erls‘ronAE
1620 958 1938 1009 QUAEDAM.
2365 945 2486 1007 105

587 1077 779 1141 fuerit
807 1077 1164 1153 institutus,
1199 1075 1280 1138 ad
1318 1075 1950 1158 repraesentationem
1978 1077 2151 1141 illius
2182 1079 2293 1161 qui
2322 1080 2491 1163 ejus-

590 1180 738 1242 dem
769 1178 1048 1242 ecclesiae
1078 1175 1459 1241 credebatur
1488 1197 1626 1240 esse
1655 1184 1985 1261 patronus,
2018 1185 2084 1242 et
2123 1188 2346 1263 postea
2381 1181 2489 1264 jus

588 1287 962 1364 patronatus
999 1280 1162 1343 alius
1199 1278 1421 1342 vicerit
1460 1279 1531 1342 in
1564 1279 1829 1362 judicio,
1861 1281 2126 1345 clericus
2158 1283 2268 1365 qui
2305 1283 2489 1347 insti-

587 1388 771 1444 tutus
812 1388 909 1445 est
951 1402 1083 1445 non
1125 1380 1317 1444 debet
1359 1379 1439 1443 ab
1479 1380 1621 1463 ipsa
1660 1381 1926 1445 ecclesia
1953 1390 2214 1466 propter
2242 1384 2364 1448 hoc
2392 1405 2490 1448 re-

586 1484 844 1562 moveri,
878 1484 931 1547 si
972 1490 1260 1567 tempore
1297 1484 1811 1566 praesentationis
1850 1506 2002 1562 suae,
2041 1486 2150 1549 ille
2192 1487 2303 1569 qui
2341 1508 2491 1550 eum

586 1587 996 1670 praesentavit
1036 1587 1145 1669 jus
1190 1592 1569 1669 patronatus
1616 1587 1895 1650 ecclesiae
1940 1588 2324 1669 possidebat.
2420 1590 2490 1654 Si

466 1683 472 1688 ’
584 1709 732 1752 vero
780 1695 940 1752 tunc
987 1710 1121 1752 non
1168 1686 1534 1771 possidebat
1578 1689 1686 1770 jus
1733 1694 2132 1771 patronatus,
2183 1691 2295 1755 sed
2346 1700 2490 1755 tan-

585 1792 921 1855 tummodo
952 1789 1333 1855 credebatur
1371 1811 1508 1854 esse
1544 1798 1873 1874 patronus,
1908 1814 2108 1875 quum
2138 1815 2270 1858 non
2302 1801 2488 1873 esset,

584 1916 795 1978 neque
845 1895 1307 1978 possessionem
1365 1901 1745 1978 patronatus
1795 1895 2081 1974 haberet,
2134 1898 2489 1961 secundum

585 2000 841 2081 Angliae
897 1998 1430 2063 consuetudinem
1487 2000 1725 2081 poterit
1793 1999 1873 2062 ab
1942 2000 2167 2064 eadem
2225 2002 2491 2065 ecclesia

585 2101 916 2164 removeri.
1008 2100 1407 2164 Donationes
1455 2121 1602 2163 vero
1649 2101 1751 2164 vel
1801 2103 2239 2166 concessiones
2291 2105 2489 2168 eccle-

586 2195 826 2265 siarum
869 2202 920 2264 si
965 2222 1106 2284 quae
1145 2201 1307 2264 fiant
1347 2202 1611 2285 privatis
1650 2204 1959 2284 personis,
1989 2204 2350 2267 viventibus
2389 2205 2489 2267 his

587 2304 699 2387 qui
758 2304 1050 2367 ecclesias
1108 2304 1278 2387 ipsas
1336 2303 1684 2386 possident,
1747 2303 1987 2366 nullius
2048 2303 2286 2368 debent
2354 2327 2490 2370 esse

585 2406 916 2484 momenti,
967 2405 1079 2468 sed
1127 2406 1183 2468 si
1229 2406 1390 2468 fiant
1442 2404 1752 2487 religiosis
1811 2406 1984 2485 locis,
2045 2413 2202 2471 ratae
2250 2408 2487 2472 debent

583 2508 827 2587 haberi,
880 2507 974 2572 ita
1025 2507 1285 2591 quidem
1335 2507 1507 2591 quod
1556 2529 1864 2590 personae,
1917 2531 2059 2592 quae
2098 2510 2236 2593 jam
2284 2510 2486 2574 dictas

585 2610 879 2674 ecclesias
918 2611 1248 2693 possident
1290 2611 1428 2674 sine
1468 2631 1584 2674 suo
1626 2631 1908 2689 assensu,
1952 2612 2041 2675 eis
2086 2613 2155 2676 in
2196 2613 2329 2676 vita
2371 2634 2487 2676 sua

582 2734 715 2777 non
795 2712 1071 2777 debeant
1147 2713 1421 2796 spoliari.
1541 2713 1714 2777 Data
1783 2716 2103 2798 Anagniae
2160 2716 2263 2780 VI
2339 2717 2484 2780 idus

582 2815 843 2897 Aprilis,

580 3115 1022 3180 EPISTOLA
1080 3113 1965 3180 CCCLXXIII.-—EmsnuM
2015 3138 2104 3180 An
2152 3114 2478 3181 'Ananim

976 3228 1062 3280 ἘΤ
1094 3239 1464 3281 MONAcHos
1495 3239 1734 3281 SANCTI
1770 3240 2081 3282 ANDREAE.

929 3366 1160 3428 Abbati
1188 3371 1249 3427 et
1277 3368 1590 3461 monachis
1618 3368 1820 3428 sancti
1852 3367 2131 3429 Andreae.

673 3516 748 3578 S1
811 3515 890 3579 de
948 3522 1120 3579 terra
1179 3537 1373 3599 quam
1431 3514 1684 3579 habetis
1742 3514 1911 3578 infra
1978 3516 2344 3599 parochiam
2401 3516 2482 3581 de

580 3618 976 3696 Bretewelle,
1030 3640 1156 3682 xxx
1200 3618 1385 3682 annis
1429 3618 1528 3681 vel
1573 3638 1650 3682 eo
1702 3618 1974 3701 amplius
2022 3618 2299 3681 decimas
2344 3618 2482 3682 sine

579 3723 791 3805 aliqua
817 3722 1274 3787 reclamatione
1303 3721 1633 3799 solveritis,
1666 3730 1732 3785 et
1771 3721 1893 3784 hoc
1932 3742 2105 3785 anno
2144 3742 2251 3784 eas
2291 3742 2482 3785 cano-

578 3825 742 3888 nicis
790 3824 870 3888 de
918 3824 1158 3888 Plaicio
1208 3832 1352 3907 post
1402 3824 1895 3907 appellationem
1947 3823 2029 3887 ad
2081 3844 2198 3887 nos
2243 3823 2481 3887 factam

579 3933 806 3990 contra
843 3926 1166 4009 justitiam
1212 3926 1639 4003 subtraxistis,
1688 3947 1793 3989 eas
1842 3925 1965 3988 sibi
2012 3925 2092 3988 de
2138 3932 2369 3990 caetero
2416 3931 2481 3990 et

579 4028 831 4109 integre
875 4028 1013 4098 sine
1059 4028 1273 4110 aliqua
1311 4027 1778 4105 molestatione,
1811 4028 2139 4091 occasione
2170 4033 2236 4091 et
2266 4028 2478 4111 appel-

578 4129 818 4192 latione
856 4130 1209 4213 postposita
1236 4130 1629 4212 persolvatis,
1662 4137 1728 4192 et
1758 4147 1916 4212 quas
1946 4129 2287 4193 noscimini
2327 4128 2478 4193 sub-

576 4230 845 4293 traxisse
901 4251 1049 4294 cum
1107 4230 1484 4314 integritate
1541 4231 1930 4313 persolvatis.
2044 4231 2229 4294 Licet
2302 4230 2476 4293 enim

578 4331 890 4395 beneficio
957 4333 1432 4415 privilegiorum
1499 4335 1794 4398 Romana
1851 4334 2116 4397 ecclesia
2172 4330 2478 4395 fratribus

579 4433 1019 4497 Cisterciensis
1065 4433 1306 4498 ordinis
1354 4435 1646 4513 indulsit,
1695 4441 1771 4499 ut
1831 4436 1911 4499 de
1967 4433 2295 4498 laboribus
2347 4432 2478 4497 suis

577 4535 741 4599 nulli
789 4535 1066 4600 decimas
1105 4537 1206 4600 vel
1249 4538 1559 4619 primitias
1608 4538 1906 4614 debeant,
1956 4558 2033 4600 ex
2082 4557 2207 4619 quo
2257 4542 2478 4600 tamen
