3200 5392
22 266 27 275 ,
166 242 183 255 Ἢ
2025 255 2033 267 0

10 400 17 463 ἒ

594 949 727 996 Aa).
765 928 1156 1015 nel—su]
1256 946 1596 994 Ems'roLAE
1629 947 1950 1001 QUAEDAM.
2417 935 2498 997 73

596 1090 919 1132 cessorum
956 1075 1320 1132 nostrorum
1356 1067 1877 1132 institutionibus
1914 1068 2251 1146 contraire,
2289 1089 2372 1131 ne
2410 1069 2499 1131 vi.

599 1171 864 1234 deamur
899 1171 1275 1253 religionem
1318 1169 1632 1253 persequi,
1665 1192 1857 1253 quam
1900 1170 1954 1233 si
1994 1169 2159 1233 forte
2201 1170 2273 1233 in
2318 1169 2502 1234 nobis

595 1295 728 1337 non
771 1273 1170 1353 haberemuS,
1210 1274 1280 1337 in
1318 1274 1458 1337 aliis
1499 1273 1765 1357 diligere
1816 1281 1881 1337 et
1920 1274 2133 1337 fovere
2178 1281 2497 1338 tenemur.

598 1374 879 1441 Cautum
921 1377 1233 1460 siquidem
1279 1377 1557 1441 habetur
1595 1377 1668 1439 in
1709 1377 2040 1460 scripturis
2080 1374 2498 1460 praedecesso-

594 1500 741 1542 rum
799 1487 1168 1542 nostrorum
1222 1481 1667 1543 Romanorum
1726 1480 2124 1563 pontificum,
2174 1480 2346 1564 quod
2402 1500 2501 1542 re-

595 1581 807 1663 ligiosi
835 1582 1064 1662 viritab
1097 1583 1428 1646 exactione
1460 1581 1855 1645 decimarum
1885 1582 1966 1646 de
1999 1580 2327 1646 laboribus
2371 1581 2503 1645 suis

598 1706 756 1768 quos
795 1684 1066 1768 propriis
1110 1683 1409 1748 manibus
1445 1685 1546 1748 vel
1575 1683 1940 1768 sumptibus
1979 1684 2284 1763 colerent,
2317 1691 2382 1748 et
2423 1683 2503 1748 de

597 1787 1015 1851 nutrimentis
1064 1786 1442 1851 animalium
1495 1790 1759 1851 suor'um
1811 1808 2069 1870 prorsus
2117 1795 2331 1851 essent
2382 1786 2502 1849 im-

598 1911 848 1955 munes.
943 1889 1072 1954 Sed
1121 1890 1244 1974 pioe
1290 1889 1752 1954 recordationis
1800 1889 2127 1953 Adrianus
2174 1911 2341 1974 papa
2393 1889 2501 1953 de-

597 2015 808 2058 cessor
847 2001 1085 2071 noster,
1129 1993 1377 2057 labores
1422 1995 1493 2056 in
1541 1994 1795 2059 novalia
1842 2016 1958 2077 pro
2006 2016 2124 2058 sua
2169 1995 2501 2058 voluntate

597 2095 931 2160 convertit.
1022 2094 1201 2157 Illud
1242 2095 1438 2159 etiam
1476 2117 1595 2159 nos
1638 2117 1678 2159 a
1713 2104 1846 2161 tuae
1896 2096 2224 2178 petitionis
2268 2096 2502 2159 effectu

597 2196 852 2260 videtur
908 2196 1252 2273 retrahere,
1307 2196 1477 2279 quod
1536 2197 1608 2258 in
1657 2198 1859 2260 veteri
1915 2204 2307 2261 testamento
2365 2218 2500 2261 non

599 2299 937 2365 recolimus
977 2319 1095 2362 nos
1134 2320 1422 2382 unquam
1463 2298 1712 2381 legisse,
1744 2305 1820 2362 ut
1857 2298 2066 2362 levitae
2092 2299 2301 2362 levitis
2341 2297 2504 2361 deci-

601 2424 740 2466 mas
791 2403 1261 2486 persolvissent.
1356 2402 1439 2466 In
1500 2423 1668 2466 novo
1720 2401 1935 2480 etiam,
1990 2401 2155 2466 sicut
2213 2407 2332 2465 tua
2380 2400 2505 2464 dis-

601 2506 799 2571 cretio
852 2527 986 2569 non
1033 2506 1310 2589 ignorat,
1360 2527 1496 2569 non
1545 2504 1933 2589 ambigimus
1982 2525 2118 2569 esse
2166 2510 2505 2582 statutum,

601 2616 677 2673 ut
721 2610 995 2692 populus
1038 2608 1316 2672 ecclesiis
1356 2608 1481 2671 illis
1523 2608 1805 2672 decimas
1845 2609 2113 2686 solvant,
2152 2607 2267 2672 ubi
2307 2607 2505 2672 eccle-

603 2712 856 2776 siastica
893 2712 1213 2795 recipiunt
1259 2718 1677 2774 sacramenta.
1771 2710 1966 2775 Unde
2008 2711 2332 2793 apostolus
2377 2711 2504 2774 ait:

605 2821 622 2848 ‘
643 2815 799 2878 Non
830 2822 926 2878 est
957 2835 1270 2895 magnum
1311 2814 1365 2876 si
1400 2814 1780 2896 temporalia
1820 2813 2141 2891 metimus,
2172 2812 2287 2877 ubi
2324 2813 2506 2897 spiri-

605 2917 805 2980 tualia
864 2916 1295 2980 seminamus.'
1385 2916 1542 2979 Non
1590 2937 1781 2999 grave
1828 2915 1949 2980 tibi
1999 2916 2103 2994 sit,
2157 2915 2321 2979 sicut
2371 2937 2510 2979 esse

608 3040 740 3082 non
787 3018 999 3098 debet,
1033 3018 1086 3081 si
1115 3018 1365 3082 ratione
1396 3018 1629 3082 divinae
1658 3018 2007 3103 scripturae,
2038 3025 2105 3081 et
2135 3025 2358 3082 nostra
2393 3017 2508 3081 ho-

605 3128 859 3187 nestate
903 3129 1188 3204 pensata,
1220 3120 1600 3204 petitionem
1629 3121 1807 3185 illam
1838 3129 2412 3204 quantumcunque
2440 3127 2508 3184 te

606 3223 967 3304 diligamuS,
999 3229 1065 3286 et
1095 3224 1260 3286 sicut
1290 3224 1616 3288 carissimo
1644 3224 1830 3288 fratri
1870 3230 2090 3288 nostro
2126 3223 2506 3299 deferentes,

604 3346 739 3388 non
770 3323 1070 3387 duximus
1101 3324 1588 3387 admittendam.
1680 3327 1765 3388 In
1794 3326 1975 3388 nullo
1997 3326 2172 3389 enim
2199 3326 2510 3407 patereris

607 3426 930 3512 repulsam
968 3425 1140 3509 quod
1177 3425 1533 3489 secundum
1562 3426 1778 3490 Deum
1808 3432 1875 3489 et
1908 3427 2229 3509 justitiam
2259 3449 2298 3490 a
2325 3425 2512 3489 nobis

608 3530 749 3595 fieri
779 3529 1156 3614 postulares.
1216 3529 1317 3592 Ex
1344 3528 1674 3612 privilegio
1697 3528 2049 3593 Alexandri
2078 3549 2294 3612 papae:
2340 3528 2510 3591 Sane

604 3634 900 3698 laborum
928 3641 1305 3711 vestrorum,
1331 3654 1489 3716 quos
1517 3633 1790 3717 propriis
1822 3630 2119 3697 manibus
2148 3638 2263 3696 aut
2294 3653 2510 3715 sump-

604 3735 779 3798 tibus
838 3734 1066 3813 colitis,
1127 3733 1257 3798 sive
1316 3734 1398 3798 de
1463 3735 1881 3799 nutrimentis
1940 3743 2299 3799 vestrorum
2368 3734 2508 3798 ani-

609 3838 894 3915 malium,
940 3838 1159 3901 nullus
1207 3839 1472 3902 omnino
1511 3839 1779 3903 clericus
1832 3839 1961 3902 sive
2007 3837 2207 3903 laicus
2251 3861 2290 3903 a
2331 3838 2511 3902 vobis

538 3985 545 3989 -
610 3941 886 4004 decimas
917 3940 1170 4023 exigere
1201 3946 1564 4025 praesumat.
1659 3940 1804 4004 Hoc
1843 3939 2016 4003 idem
2055 3939 2249 4003 etiam
2280 3960 2359 4003 ex
2388 3940 2515 4024 pri-

611 4043 857 4125 vilegiis
916 4044 1189 4107 aliorum
1249 4044 1690 4107 Romanorum
1748 4043 2149 4126 pontificum.
2241 4043 2521 4106 Decreta

613 4145 1012 4228 pontificum,
1073 4146 1399 4209 Paschalis
1457 4167 1624 4228 papa
1682 4146 2047 4209 secundus:
2119 4146 2417 4209 Decimas
2477 4167 2517 4208 a

613 4248 846 4331 populo
887 4249 1321 4313 sacerdotibus
1362 4257 1555 4331 atque
1595 4248 1803 4312 levitis
1839 4270 1976 4312 esse
2016 4248 2376 4312 reddendas
2421 4246 2515 4309 di-

617 4351 779 4414 vinae
823 4352 980 4434 legis
1026 4352 1236 4416 sanxit
1282 4351 1647 4415 auctoritas.
1740 4351 2058 4415 Caeterum
2105 4372 2145 4413 a
2186 4347 2517 4411 monachis

615 4454 744 4518 sive
774 4454 1018 4518 clericis
1057 4455 1485 4519 communiter
1514 4454 1874 4518 viventibus
1914 4454 2095 4517 nulla
2133 4451 2297 4514 ratio
2342 4449 2517 4529 sinit,

616 4564 690 4619 ut
722 4556 958 4620 milites
990 4565 1101 4621 aut
1134 4557 1410 4640 episcopi
1439 4566 1550 4621 aut
1582 4578 1869 4639 personae
1910 4554 2210 4639 quaelibet
2241 4552 2518 4618 decimas
