3200 5392
758 693 841 754 10
1382 706 1705 750 eiurari
1741 706 2045 750 muscori

752 834 896 891 tum
937 823 1256 903 habuerit,
1288 843 1435 887 mox
1478 823 1838 886 Romanam
1876 820 2154 905 appellet
2194 818 2431 897 sedem,
2462 841 2503 884 a
2532 842 2661 904 qua

755 929 915 994 dum
944 948 1013 992 se
1040 926 1252 992 audiri
1288 925 1669 1011 poposcerit,
1700 925 1918 990 nullus
1948 945 2097 989 eum
2128 924 2657 1003 excommunicet,

757 1040 1109 1116 antequam
1159 1050 1354 1095 causa
1401 1028 1638 1093 summi
1688 1027 2011 1112 pontificis
2060 1027 2328 1091 finiatur
2386 1028 2658 1092 auctori-

754 1142 912 1201 tate.
1004 1134 1198 1199 Quod
1249 1132 1305 1196 si
1355 1133 1542 1197 aliter
1589 1138 2057 1216 praesumptum
2106 1130 2322 1209 fuerit,
2369 1131 2466 1194 nil
2516 1131 2659 1210 erit,

755 1238 870 1303 sed
906 1237 1148 1301 viribus
1188 1235 1454 1300 omnino
1493 1234 1758 1299 carebit.
1846 1234 1950 1298 De
1988 1240 2220 1298 caetero
2249 1233 2401 1316 quia
2438 1234 2663 1298 crebra

756 1340 1144 1407 allocutione
1182 1339 1312 1403 frui
1348 1345 1560 1403 vestra
1597 1358 2002 1421 summopere
2039 1335 2225 1401 nobis
2263 1357 2523 1401 necesse
2562 1344 2661 1402 est

756 1452 826 1510 et
869 1443 1154 1524 consilio,
1195 1441 1586 1507 excellentiae
1628 1447 1857 1506 vesti-se
1900 1439 2305 1505 devotissime
2349 1441 2661 1523 supplica-

757 1568 925 1623 mus,
954 1552 1033 1609 ut
1074 1544 1262 1610 nobis
1305 1542 1766 1609 transfretandi
1809 1541 2136 1605 licentiam
2181 1541 2565 1620 concedatis,
2597 1549 2662 1605 et

756 1650 830 1713 in
870 1646 1160 1733 partibus
1199 1644 1646 1711 transmarinis
1684 1644 1976 1723 nuncios,
2008 1664 2167 1727 quos
2206 1644 2290 1708 ad
2330 1643 2663 1708 dominum

758 1772 992 1837 papam
1038 1749 1381 1828 mittimus,
1421 1768 1539 1811 nos
1583 1751 1948 1831 exspectare
1992 1746 2402 1830 permittatis.
2493 1747 2662 1811 Con-

760 1860 968 1919 servet
1007 1852 1519 1916 incolumitatem
1547 1855 1825 1914 vestram
1864 1849 1933 1912 in
1974 1849 2171 1932 longa
2208 1856 2500 1934 tempora
2527 1872 2662 1915 om-

652 2046 657 2053 ‘
759 1957 1060 2042 nipotens
1089 1954 1431 2021 Dominus.

793 2256 1234 2322 EPISTOLA
1278 2255 1960 2320 CCLXXVIII.—-An
1995 2276 2067 2318 u.
2104 2275 2332 2318 anunm
2370 2275 2635 2321 soom-nn.

764 2408 1028 2471 Domino
1056 2426 1165 2468 suo
1196 2406 1516 2469 carissimo
1545 2406 1778 2468 illustri
1805 2406 1939 2487 reyi
1970 2406 2195 2471 Scotioe
2222 2406 2320 2469 Μ.
2335 2405 2556 2486 frater
2589 2409 2665 2471 G.

851 2510 1299 2573 Londoniensis
1327 2509 1593 2573 ecclesia»
1623 2508 1918 2586 minister,
1947 2529 2071 2590 per
2109 2530 2282 2591 quem
2320 2529 2495 2592 reyes
2532 2531 2667 2593 rey-

852 2620 1006 2678 nant
1035 2615 1144 2676 diu
1171 2633 1433 2695 regnare
1444 2610 1741 2693 feliciter.

859 2764 1321 2827 Sunmmum
1353 2769 1599 2841 vestrae,
1632 2762 1957 2828 carissime
1993 2762 2272 2840 domine,
2313 2764 2434 2828 hac
2472 2766 2668 2830 confi-

771 2867 994 2931 dentia
1029 2865 1385 2943 scribimus,
1418 2864 1566 2947 quia
1601 2886 1713 2928 vos
1753 2864 2002 2930 sincero
2030 2867 2237 2931 cordis
2267 2867 2501 2931 affectu
2530 2867 2672 2932 dili-

768 2969 1003 3051 gimus,
1027 2976 1093 3032 et
1122 2968 1192 3031 in
1222 2966 1521 3031 omnibus
1551 2966 1933 3031 haberemus
1963 2977 2299 3053 acceptum
2329 2968 2379 3032 si
2413 2977 2671 3053 gratum

768 3071 947 3136 vobis
984 3071 1053 3134 in
1095 3071 1311 3154 aliquo
1347 3077 1796 3153 praestaremus
1835 3071 2234 3156 obsequium.
2329 3073 2673 3157 Speramus

770 3175 965 3239 etiam
1017 3174 1157 3258 ipsa
1206 3195 1407 3238 manu
1453 3174 1714 3258 spiritus
1762 3175 1969 3239 sancti
2015 3176 2373 3257 plantatam
2421 3198 2558 3241 esse
2603 3178 2673 3241 in

768 3279 959 3343 corde
1017 3285 1229 3343 vestro
1285 3277 1565 3343 radicem
1618 3277 1937 3359 aequitatis
1989 3285 2055 3339 et
2098 3277 2328 3358 judicii
2370 3278 2551 3359 justi,
2606 3288 2672 3343 et

767 3381 915 3445 ideo
963 3381 1035 3444 in
1065 3380 1293 3444 'causis
1345 3380 1749 3444 subditorum
1797 3385 2155 3441 vestrorum
2199 3386 2486 3443 mentem
2535 3402 2671 3446 ves-

768 3487 937 3556 tram
967 3502 1151 3564 posse
1178 3482 1495 3546 bonorum
1525 3478 1823 3563 precibus
1863 3479 1945 3543 ad
1983 3479 2050 3543 id
2092 3481 2263 3565 quod
2290 3482 2543 3566 justum
2574 3494 2672 3550 est

766 3583 953 3647 facile
992 3583 1307 3649 inclinari.
1401 3582 1728 3665 Scriptum
1768 3582 1943 3645 enim
1981 3590 2098 3663 est,
2132 3589 2152 3619 ‘
2169 3585 2357 3649 Beati
2388 3588 2497 3670 qui
2527 3609 2668 3652 cus-

768 3688 1028 3751 todiunt
1060 3686 1378 3769 judicium
1417 3692 1484 3751 et
1526 3685 1773 3750 faciunt
1805 3683 2125 3769 justitiam
2169 3688 2240 3752 in
2284 3691 2464 3754 omni
2506 3698 2669 3755 tem-

769 3790 964 3873 pore.’
1053 3789 1140 3852 Et
1170 3789 1485 3873 sapientia
1513 3788 1623 3867 ait,
1657 3793 1676 3824 ‘
1694 3788 1871 3854 Tolle
1898 3788 2262 3874 rubiginem
2294 3792 2374 3856 de
2404 3800 2674 3875 argento

772 3899 839 3956 et
911 3890 1112 3956 exibit
1183 3913 1291 3956 vas
1364 3892 1798 3975 purissimum.
1905 3892 2083 3956 Tolle
2149 3893 2537 3976 injustitiam
2596 3895 2677 3959 de

767 3994 960 4059 corde
989 3993 1178 4078 regis,
1209 4003 1275 4059 et
1296 3995 1552 4078 justitia
1577 3994 1942 4059 firmabitur
1969 3995 2242 4060 thronus
2272 3997 2429 4079 ejus.
2508 3998 2674 4063 Inde

772 4103 891 4174 est,
923 4096 1092 4180 quod
1122 4097 1316 4179 regiae
1349 4096 1675 4160 nobilitati
1713 4104 1939 4162 vestrae
1976 4119 2093 4182 pro
2129 4098 2544 4181 praesentium
2583 4102 2674 4165 la-

772 4208 933 4276 tore,
968 4200 1164 4264 Helia
1189 4200 1477 4293 proximo
1506 4209 1781 4283 cognato
1810 4208 2050 4279 nostro,
2081 4221 2301 4284 preces
2330 4203 2674 4268 affectuose

777 4301 1177 4388 porrigimus,
1211 4302 1521 4385 quatinus
1543 4323 1660 4385 pro
1690 4324 1905 4366 amore
1938 4304 2059 4366 Dei
2089 4312 2155 4367 et
2185 4305 2504 4387 petitione
2527 4328 2672 4371 nos-
