3200 5392
609 891 745 936 Aa).
782 869 1177 952 1161—89.]
1278 888 1616 938 nusi-omn
1646 888 1970 939 QUAEDAM.
2154 826 2163 829 Ἴ
2388 868 2514 932 199

608 1007 981 1090 gravamine
1027 1027 1147 1071 nos
1200 1004 1281 1070 ad
1332 1003 1578 1069 curiam
1631 1003 1876 1068 domini
1931 1024 2114 1088 papae
2173 1004 2513 1088 praevenis-

608 1115 726 1189 set,
775 1130 894 1173 nos
943 1115 1219 1194 quatuor
1268 1128 1419 1172 cum
1469 1106 1722 1171 duobus
1773 1107 2101 1191 episcopis,
2151 1114 2218 1172 et
2270 1108 2514 1173 decano

606 1211 1003 1290 Ebroicensi,
1052 1218 1118 1276 et
1174 1210 1485 1293 magistro
1533 1208 1844 1290 Henrico,
1896 1231 2045 1274 cum
2097 1211 2305 1275 multa
2350 1211 2512 1274 diffi-

606 1315 849 1379 cultate
897 1314 1193 1379 venimus
1242 1334 1449 1396 usque
1500 1313 1723 1377 Senas.
1831 1313 1939 1377 Ibi
1989 1312 2216 1377 diebus
2269 1313 2514 1397 aliquot

606 1417 858 1481 detenti
885 1418 1141 1481 fuimus.
1232 1417 1465 1481 Comes
1495 1416 1670 1480 enim
1701 1414 2078 1480 Macharius
2109 1417 2200 1480 sic
2230 1437 2309 1480 ex
2337 1416 2516 1480 omni

604 1526 787 1603 parte
834 1519 967 1582 vias
1018 1517 1371 1596 obsidebat,
1421 1517 1594 1600 quod
1652 1517 1819 1580 nulli
1874 1516 2139 1600 patebat
2200 1538 2511 1600 egressus.

606 1622 828 1688 Quum
873 1643 1024 1687 vero
1073 1643 1193 1686 nos
1241 1628 1517 1704 quatuor
1570 1641 1719 1683 cum
1772 1620 2102 1703 episcopiS,
2151 1621 2264 1703 qui
2312 1620 2515 1704 pluri·

602 1746 784 1789 mum
825 1726 999 1790 exire
1039 1723 1513 1802 desiderabant,
1552 1744 1690 1787 non
1727 1723 2178 1806 potuissemus,
2221 1723 2295 1786 in
2337 1744 2514 1788 max-

603 1828 736 1892 ima
777 1828 977 1892 animi
1017 1826 1318 1910 angustia
1356 1825 1551 1910 positi
1589 1847 1670 1889 ex
1708 1825 2041 1890 communi
2079 1826 2344 1890 consilio
2382 1846 2514 1890 me-

605 1930 714 1994 dia
739 1930 1211 1994 nocte-occulte
1240 1936 1306 1992 et
1334 1929 1782 1993 fraudulenter
1826 1927 2156 2007 exivimus,
2188 1935 2255 1993 et
2284 1929 2374 1993 sic
2402 1948 2517 2012 per

607 2032 884 2115 abrupta.
909 2032 1254 2109 montium,
1286 2037 1352 2094 et
1391 2051 1505 2114 per
1542 2031 1685 2094 loca
1722 2031 1856 2094 fere
1894 2031 2086 2109 invia,
2117 2031 2237 2095 sub
2275 2052 2517 2115 magno

604 2135 838 2199 timore
867 2140 934 2198 et
962 2133 1247 2218 periculo
1274 2133 1543 2197 tandem
1570 2133 1867 2197 venimus
1895 2133 2355 2197 Tusculanum.
2408 2134 2517 2197 Ibi

607 2237 959 2301 Ricardum
1009 2238 1229 2315 Barre,
1285 2236 1364 2300 de
1416 2242 1628 2299 vestro
1677 2235 1943 2315 honore,
1998 2235 2165 2299 sicut
2223 2235 2514 2314 decebat,

607 2339 954 2403 sollicitum
993 2344 1059 2402 et
1099 2339 1182 2403 ad
1220 2345 1499 2403 vestram
1526 2338 1879 2402 utilitatem
1918 2338 2274 2421 prudenter
2312 2343 2379 2402 et
2415 2337 2515 2401 in-

606 2448 855 2507 stanter
895 2441 1298 2506 laborantem
1342 2440 1727 2520 invenimus,
1773 2441 2055 2505 multum
2101 2447 2323 2505 tamen
2363 2461 2515 2505 con-

603 2545 939 2608 tristatum
979 2550 1045 2608 et
1086 2545 1447 2624 confusum,
1480 2545 1630 2627 quia
1667 2564 1789 2608 nec
1830 2543 2129 2609 dominus
2163 2565 2330 2628 papa
2364 2565 2516 2608 eum

604 2653 949 2730 receperat,
981 2666 1103 2711 nec
1134 2647 1241 2711 alii
1274 2646 1590 2729 benignos
1632 2652 1699 2710 et
1738 2645 2058 2710 humanos
2099 2667 2167 2710 se
2204 2646 2301 2709 illi
2340 2645 2514 2711 exhi-

604 2747 899 2812 buerant.
989 2749 1131 2812 Nos
1176 2755 1394 2813 autem
1436 2748 1769 2813 venientes
1813 2748 2113 2812 dominus
2160 2769 2344 2832 papa,
2393 2768 2515 2812 nec

604 2851 839 2931 videre,
869 2872 991 2916 nec
1031 2851 1115 2916 ad
1153 2852 1465 2930 osculum,
1494 2872 1617 2915 nec
1659 2850 1740 2914 ad
1781 2851 2012 2934 pedem
2042 2850 2245 2915 voluit
2282 2850 2514 2915 admit-

603 2958 761 3017 tere.
851 2953 982 3016 Vix
1031 2952 1205 3017 cnim
1250 2953 1539 3037 plerique
1586 2952 2013 3017 cardinalium
2060 2951 2313 3035 dignati
2360 2957 2514 3015 sunt

603 3076 723 3118 nos
752 3054 1033 3138 recipere
1060 3056 1162 3118 vel
1198 3056 1270 3118 in
1298 3056 1511 3120 verbe.
1602 3055 1739 3119 Diu
1778 3076 1933 3139 ergo
1970 3055 2043 3118 in
2084 3054 2515 3119 amaritudine

606 3156 950 3238 spirituum
992 3164 1363 3223 nostrorum
1407 3157 1596 3221 anxie
1648 3156 2039 3235 conturbati,
2093 3156 2196 3220 his
2249 3158 2361 3240 qui
2407 3178 2514 3221 vos

602 3257 856 3321 fidelius
901 3257 1277 3340 diligebant,
1318 3258 1689 3322 omnimode
1730 3258 2244 3341 supplicavimus,
2284 3263 2363 3321 ut
2406 3279 2511 3322 eo-

603 3379 753 3421 rum
808 3357 1181 3421 interventu
1255 3358 1553 3422 dominus
1625 3381 1795 3443 papa
1864 3358 2052 3423 nobis
2111 3378 2514 3442 quocumque

602 3460 798 3524 modo
827 3459 1224 3524 audientiam
1253 3460 1643 3543 indulgeret.
1734 3462 1843 3525 Ad
1882 3482 2106 3525 eorum
2133 3461 2514 3526 instantiam

602 3563 845 3647 recepti
875 3568 1029 3626 sunt
1060 3563 1359 3627 dominus
1390 3562 1587 3628 abbas
1620 3563 1700 3628 de
1728 3563 2053 3627 Wallatiae
2081 3570 2149 3628 et
2179 3565 2242 3627 R
2275 3608 2512 3628 ......

605 3665 1090 3730 archidiaconus
1148 3665 1581 3745 LexoviensiS,
1644 3666 1757 3748 qui
1818 3665 2035 3729 minus
2107 3665 2515 3730 habebantur

604 3769 903 3852 suspecti.
993 3768 1130 3850 Ipsi
1189 3773 1407 3832 autem
1467 3789 1669 3851 quum
1728 3789 1969 3833 nomen
2027 3774 2312 3833 vestrum
2368 3774 2513 3832 tan-

606 3891 801 3953 quam
849 3870 1240 3935 devotissimi
1287 3870 1407 3935 filii
1457 3872 1768 3935 Romanae
1818 3872 2101 3935 ecclesiae
2152 3872 2224 3935 in
2274 3872 2512 3935 saluta.-

606 3972 784 4036 tione
830 3993 910 4035 ex
953 3979 1166 4038 vestra
1211 3979 1395 4057 parte
1444 3980 1896 4057 proponerent,
1951 3974 2323 4039 acclamavit
2373 3980 2514 4038 tota

608 4073 803 4152 curia,
856 4075 1190 4154 sustinete,
1245 4076 1577 4156 sustinete,
1640 4083 1954 4159 tanquam
2013 4076 2275 4140 domino
2332 4097 2514 4160 papae

609 4174 1043 4239 abominabile
1102 4183 1270 4240 esset
1329 4178 1552 4242 audire
1610 4199 1850 4243 nomen
1907 4184 2213 4242 vestrum.
2308 4177 2416 4241 Sic
2475 4198 2514 4240 a

608 4278 789 4342 curia
826 4277 1157 4341 venientes
1198 4299 1337 4343 sero
1376 4280 1709 4344 redierunt
1753 4280 1836 4345 ad
1881 4281 2217 4343 dominum
2255 4299 2508 4362 papam,

608 4380 670 4444 ei
709 4380 792 4444 de
830 4385 1052 4445 nostro
1092 4382 1420 4444 communi
1448 4383 1713 4447 consilio
1744 4387 2156 4465 exponentes,
2189 4380 2362 4464 quod
2393 4399 2510 4444 noa

606 4481 707 4547 bis
751 4483 964 4548 fuerat
1010 4504 1051 4547 a
1093 4488 1306 4547 vestra
1347 4485 1684 4567 majestate
1726 4486 2113 4569 injunctum,
2160 4482 2509 4548 referentes
