3200 5392
729 753 862 817 280
1367 770 1661 816 nnus-101
1697 771 1755 815 11
1790 772 1989 818 neeis

724 887 871 965 mei,
902 892 969 952 et
998 886 1293 951 omnium
1337 886 1609 951 aliarum
1652 892 1993 965 terrarum,
2026 907 2187 971 quas
2231 885 2457 962 habeo,
2488 908 2635 972 pro-

725 995 973 1074 ponent
1020 996 1087 1055 et
1134 988 1626 1056 denunciabant
1671 1011 1854 1074 papae
1899 989 2271 1054 Alexandro
2317 997 2385 1055 et
2431 990 2635 1055 cardi-

724 1085 982 1157 nalibus
1022 1093 1182 1178 ejus,
1211 1114 1297 1158 ne
1334 1093 1609 1158 ulterius
1650 1091 2041 1177 proditorem
2079 1113 2301 1159 meum
2339 1100 2635 1159 manute-

767 1201 949 1274 eant,
981 1195 1095 1260 sed
1122 1195 1218 1260 ita
1244 1195 1521 1261 liberent
1559 1216 1666 1260 me
1706 1193 1788 1259 ab
1830 1216 1926 1274 eo,
1955 1201 2032 1259 ut
2072 1195 2274 1260 alium
2304 1216 2452 1260 cum
2483 1216 2634 1260 eon-

763 1296 870 1362 ilio
912 1295 1066 1361 cleri
1103 1296 1176 1361 in
1215 1297 1481 1362 ecclesia
1509 1297 1965 1362 cantuariensi
2002 1298 2239 1382 possim
2271 1299 2631 1364 instituere.

764 1400 1236 1470 )enunciabunt
1283 1400 1501 1480 etiam,
1547 1400 1723 1485 quod
1771 1400 2085 1484 quidquid
2134 1401 2413 1467 Thomas
2458 1401 2631 1480 fecit,

758 1526 800 1568 n
839 1503 1099 1568 irritum
1140 1511 1460 1569 revocent.
1553 1501 1701 1568 Hoc
1744 1502 1942 1567 etiam
1983 1502 2424 1587 postulabunt,
2455 1501 2632 1588 quod

756 1627 942 1671 oram
993 1606 1085 1671 eis
1135 1627 1303 1691 papa
1339 1605 1545 1690 jurari
1593 1606 1788 1671 faciat
1832 1606 2107 1690 publice,
2155 1604 2327 1689 quod
2375 1605 2512 1688 ipse
2562 1611 2632 1668 et

759 1730 1120 1776 accessores
1179 1710 1281 1776 sui
1339 1715 1406 1774 et
1463 1709 1627 1774 mihi
1685 1716 1752 1775 et
1811 1709 2112 1775 omnibus
2163 1707 2630 1773 suecessoribus

753 1812 886 1876 neis
932 1809 1142 1897 regias
1187 1812 1687 1878 consuetudines
1735 1812 2024 1892 Hem-ici,
2069 1812 2170 1877 avi
2213 1812 2362 1891 mei,
2407 1812 2632 1876 incon·

749 1936 943 1979 :ussas
983 1921 1050 1980 et
1093 1914 1451 1991 inviolatas,
1484 1921 1805 2000 quantum
1835 1915 1919 1979 ad
1946 1935 2034 1991 se,
2065 1914 2534 1980 conservabunt
2561 1916 2635 1979 in

748 2024 1130 2103 ⁴›erpetuum.
1222 2013 1418 2084 Quod
1464 2018 1519 2081 si
1563 2018 1732 2083 forte
1784 2018 1976 2082 alicui
2025 2017 2413 2102 petitionum
2460 2040 2632 2083 mea-

747 2143 873 2186 ·um
912 2120 1348 2187 contradicere
1386 2120 1728 2199 voluerint,
1768 2141 1979 2204 neque
2019 2141 2160 2204 egn,
2200 2142 2411 2204 neque
2448 2119 2632 2185 baro-

746 2246 840 2290 1es
869 2225 1019 2303 mei,
1047 2244 1260 2309 neque
1289 2224 1497 2289 clerus
1525 2245 1710 2289 meus
1739 2222 2019 2307 aliquam
2062 2224 2154 2288 eis
2191 2224 2465 2288 ulterius
2504 2246 2630 2289 ser-

741 2328 1018 2393 (abimus
1048 2328 1502 2403 obedientiam,
1532 2328 1734 2392 immo
1762 2326 2103 2392 manifeste
2132 2348 2285 2392 eum
2312 2334 2380 2392 et
2409 2348 2631 2392 omnes

741 2451 878 2494 suos
927 2429 1470 2515 impugnabimus.
1565 2432 1657 2495 Et
1706 2430 2094 2515 quicumque
2143 2430 2216 2494 in
2264 2438 2440 2495 terra
2487 2452 2634 2496 mea

738 2539 1027 2597 nventus
1055 2532 1271 2612 fuerit,
1304 2533 1416 2616 qui
1455 2533 1516 2597 ei
1553 2539 1701 2618 post
1745 2534 2070 2598 adhaerere
2097 2533 2390 2612 voluerit,
2421 2534 2632 2617 expel-

740 2641 913 2699 etur.
966 2635 1334 2719 'Eapropter
1360 2656 1664 2719 rogamus
1692 2657 1824 2715 voe,
1849 2635 2015 2700 sicut
2044 2636 2446 2700 carissimum
2474 2637 2630 2700 ami-

736 2759 893 2819 zum,
936 2743 1256 2823 quatenus
1301 2738 1570 2804 fratrem
1615 2738 1999 2815 Ernoldum,
2044 2739 2145 2804 vel
2186 2739 2455 2804 fratrem
2501 2741 2629 2804 Ra-

733 2840 1056 2925 iulphum,
1087 2842 1593 2926 hospitalarium,
1625 2842 1805 2906 omni
1833 2841 2166 2906 occasione
2202 2849 2469 2923 remota,
2500 2842 2628 2907 cito

732 2944 806 3008 ad
854 2966 961 3009 me
1005 2945 1301 3025 mittatis,
1348 2944 1460 3028 qui
1507 2966 1587 3010 ex
1633 2951 1817 3029 parte
1862 2944 2266 3028 imperatoris
2313 2952 2380 3034 et
2425 2952 2630 3009 vestra

729 3047 1042 3132 praedictis
1088 3048 1343 3114 nunciis
1387 3049 1549 3114 meis
1596 3048 1903 3113 ducatum
1955 3048 2258 3133 praebeat,
2306 3050 2521 3115 eundo
2564 3055 2630 3114 et

719 3151 1051 3218 redeundo
1078 3172 1195 3237 per
1221 3158 1464 3217 terram
1490 3150 1916 3235 imperatoris.

817 3255 983 3318 Visis
1012 3255 1213 3318 literis
1241 3254 1382 3318 istis
1410 3254 1715 3318 consuluit
1750 3254 2127 3316 Coloniensi-s
2169 3255 2621 3335 imperatorem,

722 3357 876 3440 quid
906 3360 1042 3440 reyi
1069 3358 1312 3440 Anqliae
1348 3358 1435 3420 sit
1471 3356 1975 3438 respondendum.
2064 3356 2411 3438 Besa-ipsit
2438 3358 2624 3437 impe-

718 3466 899 3525 rator
939 3462 1245 3525 voluntati
1285 3462 1453 3543 reqis
1494 3461 1741 3543 Anqliae
1786 3480 1916 3523 esse
1962 3460 2368 3523 annuendum.
2464 3459 2625 3530 Quia

720 3571 951 3647 quanto
993 3565 1322 3627 solemnius
1362 3566 1488 3627 ista
1517 3563 1698 3645 fient,
1728 3564 1788 3626 si
1826 3564 2197 3627 consenserit
2225 3582 2401 3644 papa
2429 3563 2624 3625 Λίθω-

719 3667 934 3744 ander,
982 3672 1157 3730 tanto
1207 3667 1409 3746 major
1454 3667 1584 3747 ejus
1635 3666 1756 3729 erit
1806 3663 2102 3748 confusio.
2191 3663 2283 3725 Et
2323 3659 2500 3742 forte
2557 3663 2627 3725 in

720 3768 955 3831 occulto
988 3787 1113 3848 per
1156 3767 1351 3830 olium
1404 3767 1812 3849 templarium,
1856 3769 1956 3831 vel
1997 3766 2488 3849 hospitalarium,
2531 3767 2631 3829 vel

719 3870 985 3951 aliquem
1030 3869 1240 3947 alium,
1289 3890 1331 3931 a
1377 3889 1493 3951 quo
1542 3870 1749 3933 caveri
1797 3890 1919 3933 non
1955 3872 2179 3955 possit,
2226 3890 2342 3933 γεω
2383 3870 2627 3951 Anylioe

704 3993 832 4055 pro
868 3973 1141 4055 pecunia
1189 3992 1305 4035 sua
1356 3972 1519 4035 idem
1569 3971 1889 4037 obtineret.
1979 3973 2220 4036 Missus
2269 3974 2481 4055 itaque
2537 3978 2631 4034 est

699 4075 921 4159 frater
965 4073 1276 4159 Radulflus
1332 4076 1778 4157 hospitalarius
1833 4076 1924 4138 ad
1974 4096 2180 4158 reyem
2233 4075 2474 4158 Anqliae
2523 4075 2632 4157 qui

716 4180 979 4258 nunciis,
1012 4198 1164 4266 quos
1196 4199 1312 4242 reoe
1347 4178 1438 4240 ad
1469 4179 1708 4242 curiam
1737 4178 1983 4242 mittere
2011 4178 2304 4260 disponit,
2336 4178 2628 4242 ducatum

705 4284 977 4365 praebuit
990 4303 1115 4365 per
1144 4289 1378 4347 terram
1406 4282 1817 4364 imperatoris.
2331 4301 2338 4304 ·
