3200 5392
566 931 702 973 Am.
739 909 1134 991 1161—89.]
1237 928 1735 972 Lonnomnnsls
1769 929 2121 973 nmsroLAE.
2386 912 2476 974 43·

565 1045 811 1128 religiO,
847 1043 1225 1108 benefacere
1271 1043 1591 1107 debitores
1633 1065 1874 1121 sumus,
1921 1044 2022 1108 his
2063 1053 2282 1108 tamen
2324 1067 2466 1129 pro-

486 1221 488 1223 ,
565 1148 824 1230 pensius
881 1145 1219 1210 intendere
1277 1145 1482 1228 pietas
1540 1146 1859 1224 hortatur,
1923 1147 2036 1229 qui
2094 1148 2136 1210 J
2139 1147 2469 1211 udaeorum

567 1240 780 1333 spreta
821 1250 1107 1334 perfidia,
1156 1269 1335 1312 sacra
1377 1248 1781 1331 baptismatis
1826 1249 2003 1312 unda
2043 1249 2276 1327 renati,
2311 1250 2353 1312 J
2355 1272 2472 1315 esu

570 1353 813 1417 Christi
856 1352 1049 1415 fidem
1093 1352 1256 1415 nudi
1301 1351 1443 1434 plus
1489 1352 1758 1435 eligunt,
1805 1373 1998 1435 quam
2042 1357 2119 1415 ut
2163 1352 2471 1416 caducam

568 1453 880 1517 habentes
911 1452 1308 1535 opulentiam
1339 1450 1739 1515 occidentem
1767 1451 1928 1534 legis
1957 1451 2211 1516 literam
2244 1453 2474 1516 sectari

568 1555 787 1618 velint.
878 1553 967 1616 Et
997 1573 1082 1615 ne
1110 1551 1519 1615 rectitudinis
1556 1552 1768 1615 zelum
1802 1546 1875 1617 in
1903 1552 2092 1618 bonae
2118 1555 2473 1619 voluntatis

565 1659 716 1722 'voto
747 1656 1140 1740 quotidianae
1180 1655 1579 1719 necessitatis
1619 1654 1841 1720 turbet
1880 1657 2213 1737 instantia,
2245 1679 2322 1722 eo
2351 1659 2474 1723 sol-

567 1760 793 1824 lertius
822 1757 1310 1843 providendum,
1343 1779 1470 1840 quo
1498 1758 1770 1823 timetur
1801 1758 2062 1842 justius,
2094 1782 2178 1824 ne
2212 1761 2284 1823 in
2323 1782 2475 1825 neo-

571 1863 767 1947 phitis
795 1862 1173 1926 eruditionis
1203 1882 1385 1926 novae
1414 1862 1641 1945 planta
1668 1871 2019 1927 marcescat
2050 1863 2259 1942 citiuS,
2278 1885 2474 1948 quam

565 1965 637 2028 in
694 1972 1069 2029 manentem
1128 1964 1419 2027 caritatis
1477 1965 1761 2028 radicem
1820 1966 2149 2029 solidetur.
2280 1967 2476 2031 Unde

569 2074 845 2130 vestram
884 2066 955 2128 in
987 2065 1243 2129 Christo
1288 2067 1509 2130 dilecti
1551 2067 1969 2131 exhortamur
2013 2070 2369 2147 caritatem,
2390 2073 2477 2133 ‘ut

568 2169 641 2232 in
662 2169 959 2232 ⁴latorem
1004 2168 1422 2250 praesentium
1467 2168 1550 2231 ad
1592 2168 1789 2232 fidem
1834 2170 2079 2234 Christi
2121 2171 2478 2236 Londoniae

570 2270 823 2352 noviter
867 2290 1268 2347 conversum,
1316 2270 1535 2334 oculos
1580 2270 2033 2335 misericordiae
2092 2279 2159 2336 et
2217 2273 2478 2355 pietatis

571 2373 814 2436 viscera
843 2372 1192 2454 benignius
1231 2372 1608 2451 intendatis,
1642 2372 1947 2456 quatinus
1988 2373 2291 2438 fraternae
2321 2376 2478 2439 cari-

571 2476 727 2540 tatis
755 2476 827 2539 in
856 2497 1006 2540 eum
1044 2474 1331 2539 exhibita
1361 2475 1634 2555 devotio,
1668 2498 1817 2540 eum
1848 2482 1985 2540 tam
2013 2478 2338 2542 novellum
2369 2478 2479 2541 ad-

573 2579 702 2644 huc
745 2579 827 2643 ad
873 2586 1183 2662 susceptae
1228 2578 1453 2661 gratiae
1493 2599 1815 2642 summam
1851 2578 2081 2641 fortius
2127 2586 2381 2661 augeat,
2414 2589 2480 2643 et

573 2683 655 2747 ad
697 2683 870 2747 idem
910 2682 1067 2747 alios
1106 2682 1361 2746 invitet.
1445 2682 1587 2746 Nos
1634 2696 1849 2747 autem
1884 2683 1984 2746 his
2025 2683 2134 2765 qui
2177 2704 2477 2747 remune-

571 2785 840 2850 rationis
891 2791 1146 2848 aeternae
1204 2784 1473 2862 intuitu,
1524 2785 1678 2849 huic
1737 2785 2009 2849 Nicolao
2060 2785 2342 2868 aliquam
2401 2785 2481 2849 de

574 2887 990 2952 facultatibus
1020 2888 1152 2951 suis
1181 2888 1563 2971 portionem,
1585 2887 1668 2950 ad
1697 2879 2101 2952 relevandam
2124 2889 2262 2972 ejus
2291 2894 2479 2952 tenu-

575 2991 803 3055 itatem
834 2990 1148 3069 dederint,
1183 2990 1262 3054 de
1304 2991 1428 3054 Dei
1465 2990 1902 3055 misericordia
1941 2997 2007 3054 et
2047 2991 2481 3074 apostolorum

578 3093 759 3158 Petri
794 3100 860 3157 et
904 3094 1093 3157 Pauli
1134 3093 1591 3157 intercessione
1628 3094 1869 3171 confisi,
1909 3093 1989 3157 de
2027 3094 2326 3177 injuncta
2360 3094 2483 3158 sibi

575 3196 962 3279 poenitentia
1011 3196 1241 3277 viginti
1288 3196 1426 3259 dies
1471 3196 1840 3274 relaximus,
1889 3202 1956 3259 et
2006 3197 2372 3260 orationum
2417 3203 2483 3261 et

576 3296 1036 3361 beneficiorum
1074 3317 1217 3379 quse
1250 3297 1322 3357 in
1360 3304 1585 3359 nostra
1619 3298 1788 3359 fiunt
1828 3298 2113 3377 ecclesia,
2143 3299 2483 3382 participes

578 3392 1050 3458 constituimus.
1138 3393 1369 3456 Valete
1398 3392 1470 3454 in
1504 3391 1787 3456 Christo,

935 3757 1381 3823 EPISTOLA
1427 3757 1862 3822 CCCX.-An
1899 3805 2118 3824 .....

559 3980 586 4004 .
635 3893 639 3897 .
671 3957 892 3975 .....
923 3910 1013 3973 Et
1058 3917 1132 3972 ut
1171 3909 1509 3973 conventio
1555 3909 1693 3973 haec
1727 3909 1901 3973 inter
1945 3931 2053 3973 eos
2096 3910 2294 3975 illaesa
2336 3933 2487 3977 con-

585 4019 889 4092 servetur,
922 4034 1066 4077 eam
1105 4012 1407 4095 praesenti
1448 4012 1686 4096 scripto
1723 4020 1788 4076 et
1829 4013 2020 4094 sigilli
2059 4015 2265 4078 nostri
2296 4036 2488 4098 appo-

586 4115 815 4181 sitione
845 4117 1321 4180 confirmamus.
