3200 5392
585 912 720 954 Am.
760 891 1153 974 1161—89.]
1255 911 1592 954 EPIS'roLAE
1628 911 1954 961 QUAEDAM.
2373 895 2493 959 195

588 1032 656 1090 et
706 1025 896 1109 juxta
953 1025 1153 1090 vestri
1197 1026 1473 1090 formam
1525 1025 1838 1105 mandati,
1888 1025 2224 1091 diffinitiva
2274 1046 2497 1092 eorum

588 1128 915 1192 sententia
970 1128 1340 1212 plenissime
1397 1128 1756 1193 terminari.
1875 1129 2044 1214 Ipsis
2100 1128 2174 1193 in
2229 1130 2497 1194 modum

587 1230 764 1294 hune
814 1231 1237 1295 reverentiam
1281 1230 1636 1315 judiciariae
1688 1232 1990 1314 potestati
2047 1231 2330 1297 debitam
2389 1254 2495 1298 ex-

584 1333 884 1398 hibentes
922 1333 1310 1413 adstitimus,
1342 1340 1407 1397 et
1448 1355 1595 1398 ecce
1642 1333 1899 1398 sinistro
1943 1334 2194 1398 confusi
2235 1336 2496 1414 nuncio,

589 1456 627 1499 a
663 1436 841 1517 prius
883 1443 1195 1519 concept-a
1234 1456 1345 1518 spe
1386 1434 1608 1518 gaudii
1649 1435 1722 1499 in
1761 1436 2220 1519 desperationis
2249 1438 2499 1502 foveam

587 1537 772 1620 lapsi,
833 1539 1056 1602 audita
1114 1539 1268 1602 satis
1331 1538 1739 1624 nequivimus
1812 1539 2134 1604 admirari.
2249 1541 2499 1608 Audito

584 1641 779 1720 enim,
828 1648 893 1705 et
947 1642 1089 1726 ipsa
1139 1642 1502 1724 legatorum
1545 1648 1903 1706 vestrorum
1951 1643 2348 1708 confessione
2397 1665 2497 1708 re·

584 1745 865 1826 cognit0,
906 1764 1016 1809 eos
1059 1745 1142 1807 ad
1178 1744 1607 1828 judicandum
1652 1766 1914 1809 causam
1956 1746 2146 1824 hanc,
2178 1746 2261 1810 ob
2301 1768 2497 1830 quam

584 1853 913 1924 venerant,
962 1853 1349 1931 potestatem
1401 1848 1668 1912 omnino
1719 1868 1854 1915 non
1903 1847 2162 1928 habere,
2209 1855 2277 1913 et
2324 1850 2497 1933 quod

586 1969 625 2011 a
676 1949 1020 2013 sanctitate
1071 1956 1285 2017 ,vestra
1329 1950 1590 2016 domino
1637 1957 1860 2015 nostro
1909 1952 2049 2034 regi
2099 1974 2494 2033 concessum,

586 2051 948 2134 scriptoque
990 2053 1319 2114 firmatum
1362 2052 1593 2130 fuerat,
1635 2052 1704 2115 id
1743 2073 1877 2116 non
1915 2059 2156 2132 tenere,
2196 2054 2496 2120 dominus

582 2161 803 2216 noster
842 2172 957 2217 rex
999 2153 1175 2217 ultra
1217 2173 1411 2236 quam
1461 2152 1587 2216 dici
1635 2155 1857 2236 possit,
1907 2153 2007 2242 ira
2049 2161 2229 2218 totus
2272 2157 2495 2221 incan-

587 2255 751 2335 duit,
797 2256 870 2320 in
928 2261 1191 2319 tantum
1253 2255 1534 2338 quidem,
1584 2260 1661 2318 ut
1720 2255 1804 2319 ad
1862 2255 2116 2320 solitam
2175 2276 2330 2340 erga
2386 2279 2496 2322 vos

583 2358 785 2422 animi
814 2357 1382 2422 mansuetudinem
1411 2359 1515 2422 vix
1545 2379 1694 2421 eum
1725 2363 1950 2422 nostra
1978 2358 2175 2422 etiam
2214 2358 2287 2423 in
2323 2380 2495 2423 com-

579 2482 779 2525 mune
818 2462 1198 2546 supplicatio
1238 2480 1534 2525 revocare
1573 2461 1882 2543 potuerit.
1972 2461 2214 2525 Totum
2252 2463 2492 2546 itaque,

582 2563 753 2646 quod
794 2563 867 2628 in
905 2564 1185 2628 adventu
1216 2564 1579 2646 legatorum
1607 2569 1966 2632 vestrorum
1997 2584 2494 2647 conceperamus

579 2666 818 2749 gaudii,
864 2666 1058 2751 coepit
1106 2667 1294 2732 illico·
1327 2666 1612 2730 tristitiae
1656 2665 1886 2731 nubilo
1931 2667 2294 2750 superduci.
2384 2667 2494 2732 Ad

578 2768 742 2833 iram
793 2770 963 2834 hanc
1011 2770 1243 2833 fortius
1293 2769 1826 2833 inflammandam
1874 2769 2200 2835 incentiva
2249 2768 2494 2853 praebe·

581 2870 744 2935 bant
785 2872 925 2956 ipsa
965 2871 1278 2937 nobilium
1324 2872 1511 2955 regni
1554 2872 1892 2955 colloquia,
1931 2871 2003 2935 id
2046 2871 2311 2937 domino
2353 2872 2495 2955 regi

582 2975 813 3056 saepius
849 2974 1262 3051 inculcantia,
1295 2973 1419 3038 sibi
1456 2994 1789 3057 regnoque
1831 2995 1948 3038 suo
1987 2974 2169 3037 nulla
2201 2975 2341 3058 jam
2381 2974 2492 3039 ad-

582 3095 797 3138 versus
846 3075 1182 3140 dominum
1226 3076 1762 3140 cantuariensem
1808 3097 2138 3159 superesse
2186 3076 2491 3156 subsidia,

584 3196 731 3240 cum
765 3178 1105 3260 appellatio
1135 3177 1320 3258 regni
1350 3177 1597 3240 dudum
1639 3177 1722 3240 ad
1763 3197 1870 3242 vos
1909 3178 2082 3242 facta
2113 3178 2253 3261 jam
2286 3180 2493 3262 exspi-

583 3279 839 3358 raverit,
870 3287 936 3343 et
968 3279 1029 3342 ei
1056 3279 1420 3362 legatorum
1447 3285 1809 3343 vestrorum
1837 3279 1909 3341 in
1939 3280 2118 3343 nullo
2148 3300 2303 3343 cura
2342 3281 2492 3345 sub-

582 3381 849 3445 venerit.
941 3379 1120 3444 Hinc
1150 3380 1321 3464 apud
1359 3380 1547 3462 regni
1583 3378 1902 3464 principes
1931 3385 2119 3443 tanta
2147 3387 2369 3445 exorta
2397 3388 2496 3445 est

582 3484 891 3563 turbatio,
922 3490 998 3547 ut
1035 3483 1163 3547 nisi
1193 3484 1385 3567 juxta
1424 3482 1645 3547 datam
1686 3481 1866 3546 vobis
1907 3481 2287 3565 sapientiam
2330 3484 2495 3566 peri-

585 3589 730 3652 cula
760 3590 899 3673 jam
938 3608 1117 3652 nunc
1156 3586 1564 3669 erumpentia
1601 3584 1997 3669 providendo
2024 3586 2496 3668 praeeluseritis,

585 3691 828 3756 Christi
856 3697 1100 3756 vestem
1131 3689 1338 3754 scindi
1368 3689 1729 3753 miserrime
1764 3688 1845 3753 de
1881 3689 2173 3772 proximo
2203 3689 2493 3755 doleatis.

580 3795 757 3860 Totis
788 3795 964 3860 enim
994 3794 1223 3861 studiis
1254 3793 1553 3857 dominus
1593 3792 1667 3855 in
1705 3791 1829 3855 hoe
1869 3791 2354 3856 Cantuariensis
2384 3792 2494 3858 de-

584 3898 791 3977 sudat,
820 3905 899 3962 ut
944 3896 1281 3962 dominum
1309 3902 1608 3959 nostrum
1636 3915 1859 3976 regem
1890 3894 2323 3974 anathemate,
2350 3917 2493 3979 reg-

580 4020 869 4084 numque
907 4001 1045 4084 ejus
1083 3998 1415 4063 interdicti
1452 4018 1648 4081 poena
1685 3995 2106 4079 constringat.
2197 3997 2491 4062 Potesta-

581 4110 740 4181 tem,
786 4124 980 4186 quam
1022 4103 1093 4167 in
1138 4100 1647 4178 aedificationem,
1693 4107 1761 4163 et
1806 4120 1942 4175 non
1986 4100 2492 4165 destructionem

581 4207 864 4271 ecclesiae
903 4206 1253 4289 suscepisse
1295 4210 1687 4288 oportuerat,
1731 4202 1821 4267 sic
1861 4208 2113 4267 exercet
2155 4202 2228 4266 in
2272 4202 2491 4266 subdi·

581 4317 704 4389 tos,
733 4316 812 4373 ut
856 4328 1079 4373 omnes
1122 4309 1193 4372 in
1235 4307 1407 4391 regis
1450 4308 1693 4386 odium,
1725 4312 1791 4370 et
1833 4306 2035 4371 totius
2077 4305 2264 4388 regni
2306 4304 2490 4373 nobi-

580 4414 745 4479 lium
790 4418 1003 4477 tentet
1048 4410 1374 4489 inducere,
1421 4417 1488 4474 et
1534 4430 1758 4475 eorum
1804 4406 2183 4473 substantiis
2226 4406 2488 4490 direpti-

578 4537 792 4596 onem,
843 4514 1193 4580 cervicibus
1252 4513 1559 4597 gladium,
1621 4517 1737 4577 aut
1796 4510 2168 4594 corporibus
2226 4509 2488 4575 exilium

1474 4636 1514 4680 o
1545 4618 1587 4680 2
