3200 5392
710 796 840 860 252
1430 812 1901 858 Erlscoromm

708 930 904 995 versis
934 928 1208 1013 querelis
1236 928 1464 992 vestris
1494 934 1795 1011 potenter
1823 928 2147 1006 decernat,
2180 935 2246 994 et
2281 930 2623 1015 irrefraga-

707 1032 924 1098 biliter
951 1032 1356 1116 pronunciet,
1386 1038 1636 1095 remoto
1681 1031 1891 1095 omnis
1932 1032 2375 1117 appellationis
2405 1035 2621 1099 obsta-

709 1136 874 1200 culo.
964 1137 1073 1200 Ita
1120 1135 1292 1220 quod
1338 1156 1471 1198 non
1518 1134 1800 1198 multum
1848 1134 2026 1199 vobis
2071 1135 2372 1219 prodesse
2419 1137 2617 1220 possit

710 1239 1042 1304 decretum
1086 1237 1453 1322 repetendae
1496 1237 1926 1302 restitutionis
1969 1244 2216 1318 vestrae,
2261 1239 2616 1322 praesertim

709 1350 784 1406 ut
847 1348 1033 1407 tanto
1102 1349 1390 1424 tempore
1460 1340 1752 1405 habeatis
1824 1341 2307 1424 possessionem,
2374 1349 2617 1426 quanto

707 1467 930 1528 passus
975 1445 1128 1509 estis
1172 1443 1555 1528 ejectionem
1600 1452 1752 1508 ante
1799 1444 2166 1528 principalis
2211 1467 2420 1509 causae
2463 1467 2613 1509 con-

708 1547 1133 1612 stitutionem.
1229 1544 1431 1611 Omni
1475 1546 1649 1610 enim
1695 1547 2075 1630 exceptioni,
2115 1548 2292 1613 omni
2336 1547 2610 1625 decreto,

704 1656 782 1714 ut
812 1649 1062 1727 dicitur,
1095 1647 1539 1732 praejudicium
1576 1648 1876 1727 adferret,
1907 1650 2158 1732 praefati
2195 1649 2392 1731 legati
2420 1648 2613 1731 plena

705 1758 1009 1837 potestas.
1103 1751 1230 1816 Sed
1271 1759 1336 1815 et
1383 1752 1532 1814 huic
1581 1751 1926 1834 adjunctus
1974 1773 2112 1816 esse
2157 1759 2473 1819 narratur¹
2499 1751 2608 1815 do-

706 1855 922 1918 minus
953 1856 1132 1933 Otto,
1166 1853 1471 1918 diaconus
1503 1854 1844 1918 cardinalis
1889 1854 1970 1918 de
2014 1876 2265 1919 carcere
2295 1855 2609 1919 Tulliano.

705 1958 793 2022 Et
829 1958 1100 2021 utinam.
1196 1957 1413 2021 Stellae
1456 1979 1737 2039 namque
1782 1957 1974 2021 unius
2018 1958 2351 2037 malitiam,
2384 1959 2438 2021 si
2483 1979 2616 2022 11011

705 2060 1062 2143 extinguat,
1095 2066 1411 2143 temperat
1440 2066 1660 2122 tamen
1699 2072 1760 2123 et
1802 2067 2099 2124 attenuat
2146 2060 2269 2124 sibi
2310 2062 2616 2145 adjuncta

705 2164 909 2245 magis
940 2163 1213 2247 propitia
1244 2162 1443 2239 stella,
1478 2168 1542 2225 et
1587 2162 1917 2226 benevola.
2011 2163 2104 2226 Hi
2135 2164 2454 2250 siquidem
2486 2164 2614 2227 duo

704 2265 932 2330 urbem
978 2266 1215 2349 egressi
1260 2273 1412 2329 sunt
1456 2265 1526 2328 in
1571 2265 1866 2329 kalendis
1913 2267 1956 2328 J
1958 2267 2225 2345 anuarii,
2274 2268 2357 2331 ad
2401 2275 2612 2351 partes

706 2376 957 2432 nostras
1022 2376 1455 2451 properantes,
1569 2369 1745 2432 Illud
1815 2376 2033 2433 autem
2093 2368 2377 2447 verbum,
2441 2369 2608 2452 quod

705 2471 866 2533 mihi
934 2471 1361 2552 significastiS,
1432 2470 1735 2534 clericum
1809 2470 2149 2554 quemdam
2218 2477 2500 2533 vestrum
2572 2492 2611 2533 a

706 2575 884 2638 curia
940 2574 1322 2637 redeuntem
1384 2573 1559 2637 vobis
1634 2576 1947 2653 attulisse,
2007 2595 2140 2637 non
2199 2573 2382 2636 facile
2448 2572 2610 2636 mihi

705 2676 1073 2761 persuaderi
1132 2683 1363 2759 potest,
1418 2677 1590 2760 quod
1651 2677 1770 2741 sub
1824 2678 1939 2742 tali
2000 2677 2368 2741 conditione
2427 2676 2610 2741 abso-

707 2781 883 2843 lutus
920 2780 1002 2844 sit
1044 2781 1086 2842 J
1089 2802 1328 2844 oannes
1367 2780 1447 2843 de
1479 2781 1869 2859 Oxeneford,
1901 2802 2021 2844 nec
2067 2780 2239 2864 quod
2268 2788 2610 2845 consuetu-

708 2883 890 2947 dines
918 2884 1060 2947 illas
1092 2884 1353 2947 domino
1383 2906 1564 2968 papae
1595 2884 2000 2968 abjuraverit,
2033 2885 2163 2948 sive
2194 2885 2274 2948 de
2303 2884 2608 2947 mandato

704 2990 894 3070 regis,
926 2989 1055 3052 sive
1085 2988 1210 3052 alio
1239 2987 1449 3052 modo·
1545 2989 1690 3052 Hoc
1735 2996 1953 3052 autem
1984 2988 2237 3065 dicitur,
2269 2986 2442 3070 quod
2470 3007 2609 3069 per-

708 3113 865 3155 sona
914 3091 1112 3174 ipsius
1166 3092 1208 3153 J
1211 3091 1436 3155 oannis
1489 3098 1710 3174 erepta
1760 3097 1857 3155 est
1911 3113 1950 3154 a
2007 3098 2327 3174 potestate
2381 3098 2606 3168 vestra,
2690 3144 2695 3147 .

708 3201 1024 3280 quantum
1048 3194 1128 3258 ad
1153 3194 1830 3260 excommunicationis
1852 3192 2358 3258 innodationem.
2407 3195 2612 3257 Nam-

708 3321 849 3382 que,
883 3300 1047 3363 sicut
1076 3299 1364 3363 referunt
1393 3298 1522 3376 isti,
1557 3296 1667 3381 qui
1712 3319 1890 3360 nunc
1933 3297 2288 3375 redierunt,
2323 3297 2365 3358 J
2368 3317 2606 3360 oannes

710 3404 965 3482 Cumin,
999 3411 1064 3467 et
1094 3402 1475 3486 Radulphus
1507 3403 1586 3467 de
1617 3402 2016 3480 Tamwurde,
2050 3403 2092 3464 J
2096 3423 2335 3466 oannes
2367 3402 2447 3464 de
2478 3401 2604 3463 Ox-

707 3506 969 3570 eneford
997 3507 1141 3589 plus
1182 3507 1404 3588 gratiae
1444 3513 1509 3569 et
1546 3507 1778 3570 favoris
1814 3508 1884 3569 in
1917 3506 2116 3570 oculis
2147 3504 2387 3569 domini
2425 3523 2605 3585 papae

705 3610 1060 3693 promeruit
1091 3629 1169 3672 ex
1196 3609 1338 3689 hoc,
1373 3610 1541 3693 quod
1579 3611 1897 3692 suggessit
1929 3609 2006 3687 ei,
2037 3630 2258 3692 pacem
2297 3608 2469 3669 inter
2505 3625 2609 3667 re-

708 3732 855 3792 gem
887 3717 950 3772 et
980 3732 1089 3773 vos
1111 3733 1295 3793 posse
1316 3713 1668 3791 reformari,
1694 3714 1748 3775 si
1778 3718 1963 3790 esset,
1988 3711 2098 3796 qui
2121 3710 2198 3772 de
2229 3729 2305 3772 ea
2332 3707 2606 3771 fideliter

706 3818 1047 3875 tractaret:
1095 3813 1512 3897 promisitque
1558 3836 1625 3878 se
1674 3814 1754 3878 ad
1805 3816 1927 3878 hoc
1972 3811 2406 3878 omnimodam
2457 3831 2608 3893 ope-

705 3936 846 3978 ram
878 3914 1203 3979 daturum.
1270 3917 1465 3980 Unde
1494 3917 1781 4001 praedicti
1814 3919 1856 3980 J
1860 3939 2099 3981 oannes
2130 3923 2195 3980 et
2225 3915 2607 3999 Radulphus

705 4018 888 4082 illum
915 4020 955 4082 J
959 4042 1232 4084 oannem
1258 4020 1337 4084 de
1357 4021 1723 4084 Oxeneford
1746 4021 1912 4102 regis
1942 4020 2333 4103 proditorem
2355 4027 2606 4097 vocant,

704 4131 773 4189 et
822 4125 1207 4208 praedicant3
1271 4125 1400 4208 qui,
1444 4125 1614 4208 quod
1657 4145 1771 4188 rex
1815 4123 2011 4187 habet
2051 4146 2169 4206 pro
2211 4123 2608 4206 impossibili,
2652 4126 2657 4133 '

705 4251 775 4293 se
805 4228 1125 4293 facturum
1155 4228 1476 4312 pollicitus
1508 4235 1624 4305 est,
1656 4235 1731 4291 ut
1772 4227 1839 4290 in
1871 4227 2142 4311 propriis
2173 4227 2449 4308 negotiis
2480 4247 2609 4289 me-

707 4333 833 4396 -lius
884 4332 1269 4414 procederet.
1362 4330 1447 4392 In
1497 4330 1674 4392 hunc
1735 4320 1998 4393 modum
2057 4329 2179 4412 ipsi
2231 4330 2274 4391 J
2276 4328 2472 4392 oanni
2531 4327 2610 4391 de

713 4435 1075 4498 Oxeneford
1113 4435 1182 4497 in
1224 4433 1519 4516 operibus
1573 4433 1704 4496 suis
1756 4431 2056 4496 omnibus
2106 4431 2460 4495 detrahunt
2504 4430 2611 4493 isti
