3200 5392
683 735 819 797 254
1401 747 1867 792 EPISCOPORUM

683 866 860 933 tibus
902 866 983 931 ab
1024 887 1102 931 eo
1140 864 1539 950 aegritudinis
1580 864 1718 948 ejus
1754 882 2014 928 causam
2058 867 2125 924 et
2168 859 2591 936 occasionem,

684 968 1049 1052 respondet,
1082 968 1253 1052 quod
1290 967 1341 1031 si
1384 988 1513 1051 qua
1546 966 1867 1030 medicina
1903 983 2237 1028 rancorem
2274 968 2342 1027 et
2379 962 2591 1044 indig-

685 1072 1020 1136 nationem
1060 1071 1262 1135 animi
1301 1071 1525 1135 tollere
1563 1075 1797 1153 potest,
1826 1075 1986 1132 tunc
2023 1067 2180 1150 ipse,
2212 1071 2276 1129 et
2315 1086 2451 1130 non
2480 1064 2592 1129 ali-

685 1181 806 1253 ter,
848 1174 1058 1239 curari
1096 1172 1351 1257 poterit.
1441 1171 1550 1235 Ad
1594 1170 1737 1236 haec
1781 1170 1911 1248 isti,
1954 1168 2063 1253 qui
2107 1168 2300 1232 modo
2341 1190 2379 1230 a
2417 1166 2594 1230 curia

685 1276 1039 1355 redierunt,
1073 1276 1350 1341 multum
1381 1275 1557 1340 vobis
1586 1275 1940 1351 minantur,
1973 1293 2049 1336 eo
2080 1270 2252 1354 quod
2286 1270 2358 1334 in
2391 1270 2593 1334 literis

688 1379 933 1458 vestris,
977 1401 1137 1464 quas
1183 1378 1444 1443 domino
1482 1400 1664 1462 papae
1710 1376 2048 1453 direxistis,
2090 1382 2157 1439 et
2202 1396 2359 1459 quas
2403 1373 2594 1436 modo

688 1482 828 1565 regi
874 1486 1227 1564 reportant,
1272 1502 1493 1563 regem
1543 1480 1933 1545 malitiosum
1981 1487 2336 1562 tyrannum
2385 1474 2592 1538 nomi-

688 1584 912 1662 nastis,
946 1589 1013 1648 et
1053 1582 1282 1666 saepius
1318 1582 1632 1648 malitiam
1671 1584 1810 1668 ejus
1847 1580 2190 1666 repetistis.
2277 1579 2457 1642 Bene
2485 1597 2592 1639 va-

688 1687 838 1764 lete,
871 1692 938 1749 et
978 1685 1238 1769 spiritus
1278 1685 1528 1750 consilii
1569 1685 1898 1749 vobiscum
1938 1685 2041 1762 sit,
2073 1690 2139 1748 et
2177 1682 2244 1747 in
2277 1686 2592 1765 quantum

689 1788 931 1852 famam
976 1788 1114 1872 ejus
1153 1788 1678 1867 conservaverim,
1708 1787 2018 1870 magister
2047 1785 2348 1850 scholaris
2375 1790 2595 1847 noster

689 1889 868 1954 vobis
898 1890 1138 1955 scribit.

719 2075 1163 2141 EPISTOLA
1206 2056 2112 2141 ccchan.-n'msnnu
2146 2094 2238 2137 an
2270 2092 2575 2137 nummu.

692 2227 1220 2290 Reverendisst‘mo
1258 2227 1443 2308 patri
1490 2246 1566 2289 ac
1615 2227 1858 2290 domino
1916 2225 2156 2288 nomae
2205 2224 2340 2286 Dei
2384 2223 2602 2306 qratia

793 2329 1232 2393 Cautum-§ensi
1303 2329 1763 2410 archiepiscopo
1835 2348 1983 2391 suus
2046 2329 2317 2391 Joannes
2388 2326 2599 2388 eadem

775 2432 994 2512 ,qratia
1032 2432 1446 2495 Pictavienst’s
1488 2433 1753 2494 ecclesiae
1795 2432 2045 2494 humilis
2084 2429 2388 2506 sacerdos,
2432 2429 2597 2490 salu-

784 2539 907 2595 tem
933 2538 998 2596 et
1027 2534 1270 2596 consilii
1298 2535 1607 2615 spiritum.
1716 2592 1723 2599 .

788 2682 1018 2745 SUPRA
1048 2682 1216 2747 vires
1249 2703 1423 2747 meas
1455 2705 1592 2748 esse
1622 2684 1848 2762 fateor,
1880 2682 2278 2746 serenissime
2314 2688 2497 2765 pater
2536 2690 2601 2745 et

698 2785 977 2863 domine,
1017 2785 1090 2849 in
1127 2807 1199 2850 re
1240 2792 1379 2855 tam
1419 2787 1621 2850 ardua
1660 2786 1998 2851 consilium
2038 2786 2208 2849 dare.
2301 2785 2472 2851 Quia
2504 2792 2601 2849 ta-

696 2909 851 2952 men
878 2888 1027 2951 novi
1059 2888 1230 2973 quod
1260 2911 1337 2953 ex
1370 2890 1708 2954 affectione
1746 2890 1961 2972 potius
2001 2889 2083 2952 ad
2122 2896 2361 2954 nostrae
2398 2889 2602 2974 parvi-

697 2990 851 3054 tatis
903 2992 1443 3055 consultationem
1491 2991 1710 3055 omnia
1760 2991 2143 3069 contulistis,
2192 3014 2386 3076 quam
2433 2992 2604 3076 quod

700 3112 820 3155 nos
858 3091 930 3154 in
973 3113 1044 3157 re
1086 3100 1220 3156 tam
1263 3093 1512 3158 incerta
1550 3101 1794 3158 certam
1832 3115 2295 3176 praesumamus
2323 3094 2606 3177 praescri-

697 3193 851 3259 bere
880 3194 1173 3273 formam,
1204 3195 1412 3260 dicam
1445 3195 1618 3279 quod
1656 3196 1884 3260 sentio.
1975 3196 2060 3259 In
2103 3197 2346 3280 primis,
2392 3198 2464 3261 in
2506 3196 2605 3260 his

704 3319 846 3381 quae
894 3297 1194 3362 dominus
1244 3320 1411 3383 papa
1459 3298 1640 3362 vobis
1691 3298 2084 3362 consulendo
2135 3298 2375 3378 scribit,
2424 3319 2604 3363 suam

703 3401 917 3483 potius
954 3423 1147 3484 quam
1187 3408 1462 3464 vestram
1502 3422 1762 3466 causam
1803 3400 1957 3483 agit.
2048 3401 2235 3466 Licet
2276 3401 2448 3465 enim
2490 3422 2605 3464 sua

704 3502 993 3566 omnium
1033 3510 1328 3566 nostrum
1370 3524 1561 3567 causa
1599 3503 1703 3583 sit,
1743 3503 1906 3567 illud
1945 3510 2168 3569 tamen
2203 3505 2408 3586 prima
2443 3503 2604 3566 facie

702 3612 959 3684 tractat,
991 3612 1067 3668 ut
1099 3627 1480 3689 quocunque
1508 3606 1884 3673 libertatum
1916 3607 2195 3673 ecclesiae
2224 3612 2450 3670 vestrae
2487 3626 2604 3689 pro

708 3707 939 3790 quibus
979 3709 1250 3771 exulatis
1294 3709 1647 3791 dispendiO,
1689 3710 1759 3772 in
1797 3731 1914 3773 sua
1951 3709 2209 3774 interim
2240 3709 2421 3791 quasi
2453 3708 2606 3771 fide-

703 3809 889 3872 litate
948 3814 1014 3871 et
1072 3811 1173 3872 vel
1232 3810 1534 3875 simulata
1591 3811 1985 3892 obedientia,
2023 3832 2241 3895 regem
2306 3810 2608 3874 retineat.

708 3910 1100 3993 Quanquam
1145 3911 1307 3976 mihi
1353 3921 1566 3979 certus
1614 3934 1752 3978 esse
1801 3913 2032 3992 videar,
2075 3914 2248 3998 quod
2294 3921 2361 3977 et
2407 3915 2501 3978 illi
2547 3921 2614 3978 et

706 4012 830 4078 toti
860 4034 1001 4097 quae
1042 4014 1125 4078 ad
1161 4014 1373 4099 ipsum
1403 4017 1664 4101 respicit
1694 4017 1996 4095 ecclesiae,
2027 4018 2381 4101 plurimum
2421 4038 2613 4101 expe-

709 4116 925 4196 disset,
984 4123 1062 4181 ut
1112 4118 1194 4182 ab
1242 4119 1430 4183 initio
1485 4126 1632 4202 post
1683 4119 2217 4185 commonitiones
2276 4121 2615 4184 canonicas

712 4220 1067 4285 secundum
1107 4222 1377 4305 justitiae
1423 4222 1716 4287 tramites
1763 4223 2062 4287 adversus
2110 4243 2334 4305 regem
2380 4223 2616 4287 consti-

712 4323 962 4388 tuisset.
1053 4324 1302 4389 Verum
1351 4329 1448 4402 ut,
1501 4325 1751 4388 omissis
1808 4325 1928 4403 his,
1979 4346 2122 4408 quae
2181 4346 2302 4389 nec
2355 4325 2617 4388 domino
