3200 5392
561 839 696 880 Am.
735 819 1130 902 nol—89]
1340 840 1696 882 nmswoLAE.
2334 820 2468 881 317

560 964 666 1019 tra
715 977 971 1019 omnem
1030 976 1287 1039 prorsus
1347 954 1859 1036 ambiguitatem,
1911 952 2036 1037 ipsi
2093 974 2211 1019 nos
2269 974 2470 1016 manu

562 1057 820 1141 propria
858 1078 1049 1140 super
1080 1064 1446 1120 sanctorum
1480 1056 1781 1139 reliquias
1818 1056 2264 1140 juramentum
2305 1055 2472 1138 pub-

563 1160 685 1224 lice
729 1159 1162 1243 praestitimus,
1205 1159 1377 1242 quod
1415 1158 1782 1223 Rolandum
1830 1158 2331 1235 schismaticum,
2371 1159 2473 1221 vel

566 1264 704 1346 ejus
735 1283 1182 1340 successorem,
1205 1283 1396 1345 quem
1426 1261 1625 1345 ipsius
1654 1283 1801 1344 pars
1834 1261 2116 1343 elegerit,
2140 1261 2210 1323 in
2239 1282 2471 1344 papam

565 1386 902 1448 nunquam
946 1365 1346 1447 recipiemUS,
1380 1385 1501 1428 nec
1546 1364 1627 1427 ad
1672 1385 1823 1427 eum
1865 1364 2303 1447 recipiendum
2347 1385 2468 1426 un-

568 1488 762 1550 quam
792 1466 983 1530 alicui
1011 1487 1344 1530 assensum
1372 1466 1818 1550 praebebimus.
1893 1466 2077 1529 Nulli
2107 1466 2302 1529 etiam
2332 1466 2471 1529 fau-

566 1577 783 1633 torum
814 1570 952 1653 ejus
993 1570 1267 1651 gratiam
1310 1576 1597 1633 nostram
1629 1590 1916 1652 unquam
1952 1569 2314 1647 reddemus,
2346 1568 2472 1632 nisi

540 1671 649 1735 ‘ab
678 1677 901 1736 'errore
929 1672 1047 1736 viae
1091 1694 1223 1735 suae
1268 1672 1350 1735 ad
1389 1672 1710 1736 unitatem
1756 1672 2036 1736 ecclesiae
2079 1672 2274 1735 fuerit
2320 1692 2471 1735 con·
2547 1681 2548 1684 ’

567 1797 805 1840 versus.
895 1776 1249 1839 Dominum
1296 1796 1443 1838 vero
1487 1797 1718 1858 papam
1760 1774 2131 1838 Paschalem
2178 1781 2472 1838 manute-

569 1877 867 1941 nebimus
920 1898 1170 1959 semper
1215 1884 1281 1940 et
1324 1877 1860 1959 promovebimuS,
1909 1878 2095 1960 eique
2140 1884 2474 1961 tamquam

569 1978 736 2062 patri
789 1977 1101 2042 catholico
1155 1987 1220 2041 et
1275 1979 1617 2041 universali
1676 1979 1964 2062 pontifici
2021 1964 2472 2056 obedientiam,

570 2081 881 2144 honorem
934 2088 1000 2143 et
1048 2080 1468 2144 reverentiam
1520 2080 2001 2144 exhibebimus:
2066 2087 2132 2143 et
2180 2080 2260 2143 ab
2313 2081 2471 2163 ipso,

573 2185 837 2267 ejusque
904 2192 1106 2266 parte,
1164 2184 1296 2247 vita
1362 2183 1615 2261 comite,
1682 2206 2017 2267 nunquam
2083 2183 2472 2254 recedemus.

573 2286 830 2349 Electos
889 2307 1161 2368 quoque,
1224 2285 1334 2367 qui
1399 2285 1518 2348 sub
1579 2307 1655 2350 eo
1725 2292 1836 2348 aut
1897 2286 2036 2368 ejus
2094 2306 2475 2361 successore,

576 2410 767 2472 quem
826 2409 972 2471 pars
1029 2388 1228 2470 ipsius
1287 2388 1572 2470 elegerit,
1625 2389 2166 2452 consecrationem
2224 2407 2477 2469 recepe-

573 2498 750 2568 runt,
778 2491 898 2554 =vel
961 2490 1171 2554 adhuc
1230 2491 1608 2574 receperint,
1669 2490 1912 2554 honore
1972 2496 2085 2553 aut
2145 2488 2475 2553 ordinibus

576 2595 707 2658 suis
752 2615 868 2677 per
909 2594 1047 2678 ejus
1091 2593 1525 2658 obedientiam
1569 2594 1802 2677 privari
1845 2614 2177 2675 nunquam
2214 2591 2478 2675 permit-

575 2704 809 2761 temus.
889 2698 978 2761 Et
1007 2697 1202 2779 hujus
1233 2697 1699 2761 absolutionem
1733 2695 2114 2760 sacramenti
2145 2707 2478 2777 nunquam

575 2801 992 2882 requiremus,
1025 2821 1145 2862 nec
1174 2800 1456 2863 oblatam
1486 2801 1887 2883 recipiemus
1977 2800 2296 2862 Praeterea
2329 2818 2476 2860 nos-

578 2909 679 2965 ter
736 2902 807 2965 in
864 2902 1133 2984 imperio
1180 2924 1522 2980 successor,
1573 2925 1766 2986 quem
1824 2902 2141 2984 principes
2199 2899 2480 2963 universi

579 3003 911 3084 elegerint,
942 3002 1118 3065 hunc
1160 3003 1471 3067 honorem
1518 3005 1798 3067 ecclesiae
1841 3003 1965 3066 Dei
2004 3009 2070 3066 et
2113 3001 2384 3085 imperii,
2416 3008 2483 3065 et

579 3104 748 3167 hanc
777 3112 1025 3186 partem
1056 3112 1359 3174 nostram
1384 3105 1502 3169 sub
1534 3107 1760 3170 eodem
1794 3107 2165 3189 juramento
2193 3104 2495 3168 tuebitur-

582 3226 832 3288 semper
884 3213 1075 3288 atque
1127 3207 1393 3271 tenebit.
1502 3209 1690 3274 Idem
1742 3229 1993 3291 quoque
2037 3209 2483 3291 juramentum

582 3305 1058 3389 archiepiscopi,
1090 3315 1156 3372 et
1197 3308 1474 3389 episcopi
1517 3329 1762 3385 omnes,
1794 3318 1987 3392 atque
2022 3309 2208 3373 electi
2241 3309 2350 3391 qui
2383 3309 2481 3371 in-

581 3408 952 3472 terfuerunt
1009 3429 1279 3472 numero
1339 3409 1784 3491 quadraginta,
1838 3432 2030 3494 super
2087 3417 2311 3475 sancta
2362 3411 2490 3474 Dei

583 3510 914 3592 evangelia
959 3512 1211 3595 propria
1261 3533 1464 3574 manu
1504 3512 1946 3595 unusquisque
1992 3513 2110 3577 sub
2157 3514 2322 3578 stola
2359 3527 2488 3580 ,sua

583 3613 1043 3697 praestiterunt,
1094 3620 1160 3677 et
1209 3612 1463 3696 publice
1509 3614 1946 3677 firmaverunt.
2044 3613 2494 3680 Nihilominus.

524 3723 527 3734 “
582 3716 863 3781 universi
902 3716 1221 3800 principes
1266 3716 1618 3793 saeculares,
1651 3715 1781 3779 dux
1813 3716 2105 3780 videlicet
2138 3717 2484 3793 Saxonum,

587 3825 653 3881 et
682 3820 941 3882 Bavero
982 3818 1277 3882 Marohio
1323 3818 1630 3884 Albertus
1669 3818 1904 3895 senior,
1936 3818 2272 3881 Conradus
2313 3798 2502 3900 pala-·{

586 3920 764 3981 tinus
795 3921 874 3983 de
905 3921 1155 3998 RhenO,
1187 3928 1251 3985 et
1283 3921 1647 3985 Ludovicus
1672 3921 2134 4003 Landgravius,
2166 3926 2233 3984 et
2260 3920 2506 4003 reliqui,

589 4041 832 4097 omnes,
886 4042 1074 4103 super
1127 4030 1495 4086 sanctorum
1553 4023 1855 4106 reliquias
1904 4023 2184 4106 idipsum
2236 4025 2488 4106 jurave-

589 4127 765 4184 runt.
858 4122 1149 4203 Repente
1190 4132 1408 4186 autem
1453 4125 1713 4207 spiritus
1758 4131 2017 4189 sanctus
2060 4130 2311 4192 mentes
2356 4145 2494 4187 om-

593 4223 775 4286 nium
821 4222 979 4286 adeo
1024 4224 1218 4286 unius
1262 4224 1473 4288 effecit
1518 4226 1888 4303 voluntatis,
1920 4225 2091 4307 quod
2131 4226 2318 4288 electi
2357 4245 2492 4286 om-

594 4344 709 4387 nes
756 4324 824 4386 in
877 4323 1159 4388 Sabbato
1206 4332 1479 4407 quatuor
1524 4333 1886 4410 temporum
1929 4326 2011 4389 ad
2048 4325 2306 4388 laudem
2348 4324 2493 4402 Dei,

595 4433 662 4490 et
701 4426 1014 4490 honorem
1058 4428 1310 4512 imperii
1356 4449 1564 4493 sacros
1612 4429 1868 4492 ordines
1915 4427 2315 4491 devotissime
2361 4448 2495 4489 sus-
