3200 5392
727 686 810 750 18
1352 704 1665 749 canania
1697 703 1983 749 nasoon

721 829 880 901 tem,
923 821 1098 886 inter
1140 839 1259 885 nos
1303 817 1518 903 aliquo
1561 818 1940 884 discordiam
1987 818 2367 897 seminante,
2404 837 2633 883 conce-

727 925 918 1010 pisse.
1007 923 1223 990 Quem
1266 921 1658 1010 quicumque
1709 922 1820 988 ille
1866 930 1967 989 est
2012 921 2094 988 de
2140 927 2375 988 caetero
2419 921 2639 985 minus

732 1028 976 1106 audias,
1022 1047 1142 1092 nec
1192 1025 1333 1110 ejus
1375 1025 1761 1091 commentis
1805 1026 2088 1106 obsecro,
2129 1026 2325 1092 fidem
2367 1024 2641 1090 ulterius

733 1131 1060 1197 adhibeas.
1104 1130 1483 1195 Amicorum
1513 1151 1795 1214 namque
1825 1151 1992 1214 saepe
2019 1128 2361 1195 confundit
2390 1128 2641 1193 animos

732 1235 959 1319 lingua
995 1233 1210 1312 tertia,
1241 1233 1440 1317 digna
1481 1233 1813 1313 confundi,
1844 1255 2039 1318 quam
2080 1234 2194 1298 irae
2235 1240 2303 1297 et
2346 1231 2640 1298 odiorum

731 1334 1056 1402 incentiva
1104 1344 1491 1420 portantem,
1541 1358 1581 1400 a
1626 1335 1812 1401 nobis
1862 1335 2126 1402 obsecro
2176 1356 2311 1400 non
2362 1330 2642 1399 admitti.

733 1441 854 1506 Nil
890 1439 1068 1505 enim
1108 1440 1188 1505 de
1227 1446 1295 1504 te
1339 1440 1674 1505 sinistrum
1714 1439 2025 1525 concipio,
2065 1439 2162 1504 nil
2203 1439 2384 1503 intus
2423 1437 2643 1502 adver-

737 1565 884 1608 sum
918 1551 986 1608 te
1020 1542 1212 1608 corde
1240 1542 1439 1622 foveo,
1471 1543 1585 1608 sed
1626 1542 1979 1607 admissum
2019 1542 2218 1607 semel
2256 1540 2328 1605 in
2368 1539 2645 1624 gratiam

738 1645 900 1711 mihi
938 1653 1005 1711 et
1043 1646 1268 1730 gratiae
1296 1653 1363 1710 et
1401 1645 1866 1711 benevolentiae
1895 1643 2403 1710 vicissitudinem
2431 1642 2646 1708 obser-

738 1770 887 1814 vare
917 1749 1208 1834 deposco.
1297 1749 1401 1813 De
1430 1754 1685 1826 caetero,
1718 1748 1870 1833 quia
1908 1748 2070 1812 sales
2109 1753 2351 1812 vestros
2390 1745 2650 1812 abunde

731 1851 985 1935 jamdiu
1027 1850 1243 1916 lamsit
1287 1851 1501 1931 Italia,
1545 1850 1794 1916 bonum
1837 1856 1956 1930 est,
1996 1856 2074 1914 ut
2117 1850 2375 1915 eosdem
2418 1847 2650 1914 amodo

741 1976 943 2039 quum
992 1961 1215 2019 tamen
1272 1954 1555 2034 libuerit,
1603 1954 1969 2038 experiatur
2019 1961 2086 2019 et
2135 1953 2398 2037 Anglia.
2486 1951 2652 2016 Vale

745 2079 1090 2123 carissime.

835 2357 1282 2423 EPISTOLA
1325 2358 1997 2423 CCLXXXIV.—An
2028 2378 2453 2425 wantsumu
2487 2378 2573 2422 nn

1449 2484 1641 2528 uam
1674 2485 1963 2529 nurus.

759 2620 834 2682 G.
883 2618 1007 2682 Dei
1048 2619 1264 2701 qratia
1309 2619 1759 2683 Londoniensis
1804 2620 2069 2683 ecclesia>
2115 2620 2415 2700 minister,
2465 2621 2662 2683 amico

841 2743 952 2786 suo
982 2722 1303 2785 carissimo
1341 2722 1645 2786 Willelmo
1686 2723 1762 2786 de
1799 2723 1986 2786 Mala
2015 2724 2277 2803 Palude,
2306 2725 2567 2787 salutem
2604 2729 2665 2788 et

842 2824 1148 2888 sinceram
1177 2824 1582 2889 dilectionem.

848 2973 1065 3042 Quum
1096 2995 1202 3039 me
1231 2975 1410 3038 vobis
1447 2974 1519 3038 in
1558 2976 1782 3040 multis
1820 2975 2063 3060 obliget
2102 2976 2388 3062 benigna
2416 2975 2669 3060 jamdiu

762 3076 1167 3149 servitiorum
1213 3076 1544 3158 exhibitio,
1594 3077 1718 3144 hoc
1763 3086 1985 3144 tamen
2036 3079 2107 3143 in
2153 3085 2670 3146 consummatam

765 3179 1115 3249 amicitiam
1155 3201 1262 3247 me
1300 3181 1618 3265 praecipue
1646 3182 1825 3247 vobis
1853 3182 2066 3247 reddit
2095 3182 2467 3262 obnoxium,
2500 3181 2674 3267 quod

764 3283 950 3353 fratri
992 3305 1139 3349 meo
1166 3290 1234 3348 et
1262 3284 1485 3368 nepoti
1513 3284 1586 3348 in
1615 3283 1996 3349 necessitate
2025 3304 2143 3347 sua
2171 3283 2577 3364 subvenistis,
2608 3293 2677 3350 et

769 3387 862 3455 eis
902 3386 1238 3452 consilium
1281 3393 1346 3451 et
1385 3386 1698 3451 auxilium
1724 3392 1917 3469 prout
1945 3405 2049 3449 res
2077 3385 2397 3468 exigebat,
2426 3386 2678 3472 impen-

774 3489 977 3553 distis.
1066 3489 1303 3554 Precor
1330 3498 1549 3555 autem
1586 3495 1664 3555 ut
1703 3488 1759 3552 si
1795 3487 1956 3552 item
1990 3496 2268 3573 urgente
2295 3491 2681 3557 necessitate

773 3593 1166 3658 recurrerint
1196 3593 1279 3658 ad
1307 3615 1438 3674 voe,
1469 3615 1603 3658 non
1631 3593 1805 3678 ipsis,
1838 3593 1952 3659 sed
1989 3594 2153 3658 mihi
2191 3600 2259 3660 et
2297 3595 2451 3678 ipsis
2490 3617 2680 3681 prop-

775 3702 878 3761 ter
922 3717 1030 3761 me
1076 3696 1157 3760 de
1199 3703 1413 3762 vestro
1457 3697 1630 3782 quod
1675 3718 1837 3783 opus
1878 3697 2077 3764 fuerit
2117 3698 2411 3778 tradatis,
2456 3707 2534 3764 ut
2579 3719 2685 3764 me

781 3798 1023 3863 servitii
1081 3805 1147 3863 et
1205 3800 1430 3883 gratiae
1479 3800 1838 3866 debitorem
1886 3801 2198 3868 habeatis.
2305 3799 2489 3867 Illico
2538 3823 2686 3867 vero

781 3924 986 3986 quum
1015 3901 1098 3966 ad
1126 3924 1246 3968 nos
1273 3905 1510 3968 reversi
1537 3904 1799 3985 fuerint,
1829 3907 2139 3970 nuntium
2166 3911 2464 3970 nostrum
2492 3904 2689 3970 habe-

782 4005 960 4084 bitis,
991 4011 1058 4069 et
1102 4006 1156 4068 si
1199 4005 1355 4091 quid
1397 4027 1551 4090 erga
1588 4030 1708 4073 nos
1746 4009 2091 4088 volueritis,
2131 4029 2246 4092 per
2282 4006 2453 4093 ipsos
2497 4008 2688 4073 nobis

786 4107 1198 4187 mandabitis,
1230 4115 1297 4173 et
1327 4108 1720 4175 obtinebitis.
1795 4111 2028 4175 Valeat
2072 4111 2315 4176 amicus
2359 4131 2542 4175 meus
2587 4131 2689 4175 ca-

787 4233 1097 4277 tissimus.
