3200 5392
552 940 687 983 Aa).
725 921 1116 1003 1161—89.]
1218 942 1715 986 LoNnomnnsls
1748 943 2102 986 EPIs'roLAE.
2370 927 2450 988 51

551 1051 840 1136 dubium,
873 1062 988 1119 aut
1020 1055 1231 1138 aliqua
1258 1055 1424 1120 forte
1452 1057 1931 1122 machinatione
1961 1058 2248 1138 convelli,
2294 1081 2453 1142 prae-

548 1156 720 1220 senti
764 1157 999 1241 scripto
1043 1159 1517 1237 confirmamus,
1548 1166 1616 1223 et
1662 1159 1854 1244 sigilli
1896 1160 2105 1224 nostri
2150 1162 2452 1244 appositi·

548 1280 671 1323 one
700 1260 1203 1340 corroboramus,
1228 1267 1297 1337 et
1317 1262 1468 1345 quia
1484 1262 1810 1327 funiculus
1841 1264 2073 1346 triplex
2102 1285 2237 1327 non
2266 1263 2452 1328 facile

546 1362 889 1445 rumpitur,
914 1363 1331 1427 donationem
1350 1364 1521 1428 hanc
1541 1347 1751 1448 primo
1766 1366 1903 1450 jam
1928 1365 2116 1430 dictae
2147 1348 2454 1446 ecclesiae,

547 1463 779 1541 deinde
835 1471 1077 1544 nostra,
1136 1465 1549 1549 postmodum
1607 1466 1813 1531 sancti
1873 1466 2142 1531 Thomae
2203 1467 2447 1532 dudum

545 1566 1028 1649 Cantuariensis
1065 1567 1522 1652 archiepiscopi
1551 1569 1792 1648 charta,
1823 1571 2147 1633 firmatam
2190 1570 2262 1633 in
2306 1592 2448 1654 per-

543 1679 812 1752 petuum
842 1670 1203 1751 valituram,
1235 1672 1518 1735 Domino
1540 1673 1811 1756 juvante
1841 1672 2242 1737 confidimus.
2323 1671 2448 1736 His

542 1772 835 1838 testibus

800 2087 1245 2151 EPISTOLA
1289 2087 1926 2152 CCCXXVII.—An
1962 2134 2179 2151 .....

627 2237 1086 2301 ΙΝΕΙΒΜοιωΜ
1149 2237 1319 2320 apud
1380 2236 1830 2301 Colecestriam
1890 2237 2201 2301 diuturna
2257 2238 2440 2319 aegri-

523 2336 765 2400 -tudine
810 2336 1255 2403 'laborantium
1314 2338 1588 2420 egestati
1646 2334 2079 2411 condolentes,
2141 2333 2439 2397 dilectam

535 2438 721 2503 nobis
758 2440 831 2503 in
860 2441 1142 2504 Domino
1186 2439 1661 2523 benignitatem
1701 2444 1979 2501 vestram
2017 2457 2340 2519 rogamuS,
2374 2444 2439 2498 et

533 2543 846 2607 attentius
904 2544 1320 2607 exhortamur
1368 2543 1439 2607 in
1498 2541 1804 2620 Domin0,
1853 2539 2158 2623 quatinus
2219 2559 2434 2602 amore

533 2644 658 2707 Dei
687 2651 752 2708 et
771 2644 1030 2729 pietatis
1057 2645 1324 2725 intuitu,
1347 2646 1613 2709 nuntios
1638 2652 1702 2708 et
1725 2649 2169 2727 procuratores
2192 2663 2435 2720 eorum,

533 2765 682 2808 cum
734 2745 817 2809 ad
858 2767 968 2810 vos
1021 2745 1497 2826 declinaverint,
1538 2746 1623 2810 ob
1670 2746 2033 2810 animarum
2077 2751 2435 2808 vestrarum

529 2847 886 2911 remedium
921 2847 1203 2932 benigne
1237 2847 1580 2931 recipiatiS,
1613 2854 1678 2911 et
1719 2867 1943 2910 eorum
1988 2850 2436 2929 paupertatem

529 2946 611 3012 de
651 2948 1199 3033 eleemosynarum
1236 2956 1595 3039 vestrarum
1638 2948 1980 3031 largitione
2024 2954 2215 3030 prout
2254 2946 2433 3011 vobis

528 3050 704 3114 Deus
747 3050 1150 3134 inspiraverit
1196 3051 1556 3116 sublevetis.
1651 3050 1972 3114 Omnibus
2002 3070 2150 3113 vero
2195 3049 2307 3132 qui
2351 3049 2431 3114 de

524 3156 800 3239 peccatis
846 3157 975 3219 suis
1019 3157 1294 3221 confessi
1333 3156 1595 3234 fuerint,
1637 3160 1703 3219 et
1748 3154 1839 3218 eis
1882 3173 2147 3216 manum
2184 3151 2431 3217 miseri-

525 3257 757 3322 cordiae
786 3259 856 3321 in
886 3258 1098 3341 aliquo
1132 3258 1585 3342 impenderint,
1619 3258 1699 3322 de
1742 3259 2007 3323 Domini
2044 3258 2270 3322 confisi
2308 3259 2429 3321 mi-

525 3361 886 3440 sericordia,
918 3360 998 3424 de
1035 3361 1331 3446 injuncta
1358 3360 1480 3425 sibi
1508 3360 1891 3443 poenitentia
1929 3383 2014 3424 xx
2053 3361 2186 3424 dies
2225 3361 2430 3424 relax-

523 3487 730 3544 amus,
761 3471 827 3529 et
871 3463 1237 3528 orationum
1282 3468 1348 3527 et
1391 3462 1852 3545 beneficiorum
1883 3462 2164 3526 ecclesiae
2192 3469 2430 3526 nostrae

522 3568 860 3654 participes
890 3589 1028 3632 esse
1059 3566 1486 3633 concedimus.

757 3875 1200 3942 EPISTOLA
1245 3873 1926 3940 CCCXXVIII.--An
1963 3918 2187 3937 .....

607 4028 861 4094 Turum
899 4028 1129 4092 fratres
1165 4031 1541 4110 reputamus
1580 4029 1665 4109 etr·
1686 4022 1865 4102 utile,
1909 4023 2243 4088 literarum
2283 4042 2419 4086 mo·

519 4133 847 4196 numentis
890 4130 1197 4214 excipere,
1235 4149 1378 4213 quae
1419 4127 1563 4210 paci
1603 4126 1777 4190 inter
1818 4147 2122 4208 personas
2165 4122 2421 4188 ecclesi-

516 4233 748 4297 asticas
785 4231 1228 4310 reformandae,
1257 4231 1360 4295 vel
1397 4229 1645 4293 firmius
1683 4228 1755 4291 in
1792 4235 2124 4311 posterum
2162 4247 2416 4290 conser-

514 4336 742 4400 vandae
785 4340 1032 4400 certum
1073 4333 1270 4404 fuerit
1314 4331 1630 4414 expedire,
1682 4352 1767 4394 ne
1817 4352 1959 4415 quae
2005 4326 2420 4395 conniventia

507 4440 805 4525 judicum
841 4444 906 4502 et
942 4459 1209 4503 assensu
1247 4435 1530 4520 partium
1555 4434 1991 4500 transactione
2027 4432 2128 4496 vel
2167 4428 2419 4494 amicali

515 4541 976 4627 compositione
1019 4539 1102 4614 ad
1144 4558 1370 4622 pacem
1408 4537 1668 4601 redacta
1705 4535 1967 4614 fuerint,
2008 4555 2049 4598 a
2084 4529 2417 4609 memoria,

1403 4660 1442 4701 Ε
1475 4642 1516 4701 2
