3200 5392
717 724 847 791 276
1436 742 1908 788 nmscoromm

721 863 803 929 ad
840 883 1079 948 preces,
1110 884 1231 928 nee
1270 864 1350 928 ad
1395 865 1706 949 promissa
1740 871 2016 929 terrores
2061 870 2125 928 et
2169 863 2635 930 blandamenta

718 969 1137 1054 imperatoris,
1166 969 1266 1033 vel
1308 967 1390 1033 ad
1428 968 1755 1034 modicum
1791 967 2253 1053 adquievimus.
2347 969 2634 1034 Concilio

724 1074 863 1157 ejus
894 1071 1066 1156 quod
1104 1071 1445 1136 celebravit
1476 1072 1711 1157 Papiae,
1741 1092 1859 1136 nec
1902 1078 2162 1155 propter
2191 1093 2476 1136 amorem
2516 1072 2635 1134 im-

722 1175 1025 1260 perialem
1075 1176 1386 1240 interesse
1434 1175 1773 1239 voluimus.
1863 1175 1950 1238 In
1999 1175 2281 1239 confinio
2332 1176 2520 1258 regni
2570 1181 2636 1237 et

722 1278 974 1363 imperii
1003 1299 1245 1357 sumus,
1276 1278 1686 1356 Alemannis,
1712 1278 2074 1361 Hungaria,
2107 1278 2354 1356 Rossia,
2387 1278 2629 1342 Lotho·

724 1381 955 1464 ringia,
987 1380 1393 1463 Burgundia,
1423 1388 1606 1444 trans
1647 1380 1905 1446 Ararim
1946 1381 2289 1465 provincia,
2323 1381 2516 1444 Italia
2556 1401 2635 1443 ex

728 1484 1007 1548 maxima
1048 1490 1249 1566 parte,
1286 1481 1744 1566 Lugdunensis
1795 1483 2137 1567 provincia,
2169 1503 2316 1546 cum
2360 1482 2633 1565 impera-

725 1594 867 1652 tore
896 1585 1209 1651 obediunt
1240 1585 1501 1651 domino
1533 1586 1613 1651 Ο.
1693 1586 1995 1651 Minatur
2022 1587 2387 1669 imperator,
2420 1606 2487 1648 se
2516 1605 2634 1648 no-

726 1689 828 1753 bis
859 1688 1227 1753 ablaturum
1267 1688 1486 1753 omnia
1516 1710 1660 1772 quae
1703 1688 2017 1754 habemus
2055 1689 2127 1752 in
2165 1686 2433 1771 imperio
2474 1687 2634 1771 ejus,

730 1790 855 1855 nisi
900 1791 1376 1855 consentiamus
1412 1792 1491 1855 ei.
1584 1792 1815 1856 Comes
1852 1790 2221 1869 Matiscon’,
2254 1791 2363 1874 qui
2400 1789 2639 1874 juravit

731 1895 803 1958 in
847 1894 1041 1959 verba
1085 1894 1509 1978 imperatoris,
1564 1901 1632 1959 et
1681 1893 1753 1957 in
1802 1895 1987 1978 cujus
2039 1914 2261 1957 sumus
2304 1899 2642 1977 potestate,

735 2004 1069 2062 extentum
1101 2002 1282 2062 tenet
1314 1996 1601 2079 gladium
1632 2018 1822 2060 suum
1854 2017 2046 2080 super
2066 1996 2339 2059 cervices
2369 2002 2642 2060 nostras,

735 2100 1193 2184 Lugdunensis
1223 2121 1373 2165 cum
1403 2100 1824 2182 suffraganeis
1866 2099 1997 2163 suis
2037 2120 2227 2163 suum
2257 2105 2442 2182 parat
2464 2099 2643 2182 jacu-

733 2203 854 2267 lari
883 2203 1228 2267 anathema
1266 2202 1338 2265 in
1368 2208 1577 2285 caput²
1596 2208 1913 2265 nostrum.
1989 2200 2257 2265 Domini
2288 2200 2644 2264 cardinales

737 2305 849 2388 qui
891 2312 1045 2369 sunt
1087 2304 1158 2368 in
1201 2325 1421 2388 regnO,
1462 2304 1985 2369 maledictionem
2029 2324 2234 2381 suam,
2272 2324 2407 2367 non
2450 2303 2643 2366 bene-

738 2407 1087 2471 dictionem
1125 2407 1312 2471 nobis
1341 2407 1756 2490 promittunt.
1850 2407 2063 2490 Reges
2093 2407 2382 2471 Franciae
2412 2414 2478 2469 et
2508 2407 2643 2468 An-

738 2508 884 2591 gliae
934 2510 1272 2573 minantur
1324 2529 1392 2573 se
1445 2510 1983 2574 exterminaturos
2037 2509 2255 2573 omnia
2305 2515 2529 2573 nostra
2575 2509 2648 2570 in

739 2611 956 2693 regnis
1008 2632 1231 2675 eorum
1280 2612 1506 2695 posita,
1560 2614 1688 2677 nisi
1735 2612 1996 2677 domino
2041 2633 2224 2696 papae
2266 2613 2349 2676 A.
2393 2610 2649 2676 obedia-

739 2736 905 2778 mus.
995 2715 1099 2779 Ex
1128 2714 1378 2780 duabus
1411 2716 1837 2800 integralibus
1881 2714 2172 2799 partibus
2217 2722 2471 2780 constat
2511 2735 2647 2778 cor-

742 2839 863 2902 pus
915 2818 1357 2885 cluniacensis
1408 2819 1710 2885 ecclesiae.
1799 2819 2028 2883 Altera
2085 2825 2184 2883 est
2240 2819 2312 2882 in
2361 2817 2648 2899 imperiO,

743 2923 945 2985 altera
992 2923 1064 2986 in
1107 2923 1345 3006 regnis.
1437 2922 1810 2989 Quamlibet
1863 2921 2254 2999 amittamus,
2298 2941 2393 2985 vae
2438 2919 2646 2997 nobis,

745 3025 1061 3109 angustiae
1111 3027 1298 3091 nobis
1350 3026 1636 3110 undique
1695 3026 2235 3109 quemadmodum
2287 3031 2352 3088 et
2404 3024 2646 3088 Susan-

742 3149 866 3192 nae.
959 3128 1296 3195 Credimus
1328 3129 1542 3193 divino
1585 3129 1895 3192 miraculo
1923 3127 2199 3207 liberari,
2238 3127 2651 3211 quemadmo-

747 3232 904 3297 dum
935 3239 1001 3297 et
1029 3233 1187 3317 ipsa.
1265 3233 1693 3316 Omnipotens
1731 3231 1995 3295 dextera
2031 3251 2165 3294 non
2196 3237 2295 3295 est
2333 3231 2653 3314 impotens

749 3335 829 3399 ad
861 3336 1235 3400 salvandum
1265 3357 1404 3400 nos·
1469 3336 1539 3399 Si
1569 3334 1849 3399 decrevit
1877 3334 2148 3398 liberare
2175 3354 2314 3411 nOS,
2346 3334 2653 3398 continuo

750 3436 1154 3502 salvabimur.
1247 3438 1482 3502 Adhuc
1510 3438 1580 3501 in
1613 3437 1825 3502 medio
1856 3458 2095 3515 sumus,
2128 3442 2193 3499 et
2221 3436 2400 3518 regia
2427 3435 2528 3498 via
2555 3435 2656 3498 in-

751 3539 976 3605 cedere
1023 3540 1530 3606 deliberavimus.
1620 3541 1756 3606 Vos
1802 3540 2006 3624 igitur
2053 3538 2161 3622 qui
2205 3544 2389 3621 pater
2435 3544 2655 3602 noster

753 3642 907 3705 estis
944 3664 1059 3728 per
1103 3650 1379 3723 aetatem,
1408 3644 1610 3708 frater
1650 3665 1764 3728 per
1807 3663 2107 3720 amorem,
2138 3640 2304 3703 filius
2350 3661 2466 3724 per
2513 3662 2657 3724 gra-

728 3744 934 3822 ·tiam,
981 3767 1064 3809 ne
1108 3746 1569 3810 obliviscamini
1620 3748 1845 3826 nostri,
1894 3748 2004 3831 qui
2046 3746 2116 3809 in
2160 3743 2339 3809 omni
2389 3745 2657 3809 caritate

754 3844 933 3911 vobis
965 3850 1292 3933 conjuncti
1330 3870 1568 3914 sumus.
1642 3850 1749 3915 Ne
1779 3850 2242 3915 obliviscamini
2270 3850 2495 3914 matris
2524 3871 2659 3915 ves-

724 3957 896 4028 =trae,
942 3972 1085 4034 quae
1129 3953 1251 4017 etsi
1289 3954 1426 4037 jam
1472 3954 1543 4017 in
1585 3954 1844 4019 Christo
1885 3975 1999 4018 vos
2049 3953 2408 4037 parturivit,
2454 3952 2664 4017 adhuc

723 4093 727 4100 «
759 4063 981 4119 tamen
1030 4056 1102 4119 in
1143 4056 1487 4121 visceribus
1540 4058 1671 4121 suis
1722 4063 1957 4141 portat,
2004 4055 2184 4120 vobis
2229 4056 2662 4139 congaudens,

725 4207 737 4224 ἱ
759 4158 938 4224 vobis
989 4160 1354 4239 condolens,
1405 4166 1616 4223 vestra
1673 4160 1890 4224 omnia
1936 4179 2241 4242 prospera
2290 4164 2357 4223 et
2408 4158 2668 4223 adversa

766 4284 883 4326 sua
924 4271 1253 4346 reputans.
1342 4263 1493 4327 Alia
1536 4263 1829 4346 quaedam
1878 4263 2169 4341 dicenda,
2217 4283 2358 4346 quae
2404 4261 2673 4345 epistola

764 4387 899 4429 non
932 4365 1239 4450 loquitur,
1271 4365 1683 4450 praesentium
1729 4365 1895 4431 lator
1923 4372 2146 4431 noster
2188 4371 2254 4430 et
2283 4369 2494 4429 vester
2534 4385 2670 4428 mo-
