3200 5392
571 891 705 934 mn.
743 871 1138 954 1161—89.]
1197 912 1200 915 -
1238 890 1570 934 nms'roLAE
1604 891 1928 940 QUAEDAM.
2348 874 2472 935 153
2531 967 2536 973 Ι

569 1002 878 1086 praecipit,
928 1002 1008 1067 de
1054 1023 1173 1086 ope
1220 1010 1441 1066 nostra
1494 1008 1560 1066 et
1614 1002 1867 1086 auxilio,
1915 1009 2158 1086 quanta
2204 1003 2476 1067 debetur

574 1105 780 1169 amico
861 1112 926 1168 et
1007 1105 1383 1188 coadjutori,
1459 1104 1960 1169 consolationem
2035 1113 2471 1188 percepturus.

575 1205 913 1274 Credimus
958 1206 1272 1290 siquidem
1320 1208 1487 1270 hanc
1534 1229 1671 1271 esse
1720 1208 2145 1270 mutationem
2194 1208 2472 1272 dexterae

573 1309 822 1386 excelsi,
878 1330 1146 1392 eamque
1205 1331 1244 1372 a
1294 1309 1555 1373 divinae'
1585 1308 2017 1392 dispositionis
2068 1309 2249 1373 fonte
2301 1330 2472 1373 ema-

572 1433 748 1490 nare,
798 1432 932 1475 non
976 1412 1168 1476 modo
1210 1418 1287 1474 ut
1331 1412 1594 1476 ecclesia
1640 1409 2121 1475 cantuariensis
2164 1412 2235 1474 in
2278 1432 2473 1494 nego-

573 1516 681 1578 tiis
729 1515 860 1577 suis
906 1514 1136 1578 fortius
1182 1520 1368 1578 tanto
1416 1515 1665 1578 nitatur
1713 1515 1966 1591 auxilio,
2012 1536 2232 1578 verum
2278 1514 2474 1578 etiam

575 1624 650 1679 ut
700 1617 1146 1700 imperfectum
1193 1623 1508 1693 nostrum,
1553 1616 1726 1700 quod
1776 1617 1845 1678 in
1899 1616 2119 1680 multis
2167 1616 2474 1694 videmus,

575 1727 691 1783 tua
728 1720 1130 1784 beatitudine
1171 1719 1559 1802 suppleatur.
1653 1719 1925 1782 Utinam
1967 1719 2020 1782 si
2058 1720 2199 1783 fieri
2244 1728 2473 1803 posset,

576 1822 773 1905 priori
819 1822 924 1885 die
972 1821 1312 1885 Dominico
1361 1821 1767 1884 Londoniam
1814 1822 2112 1898 venisses,
2160 1828 2236 1884 ut
2285 1828 2476 1885 tuum

577 1925 922 1988 adventum
956 1923 1152 2002 digno
1183 1923 1646 2005 susciperemus
1691 1924 1952 2000 honore,
1984 1923 2098 1987 ubi
2129 1930 2287 1986 tunc
2317 1946 2476 2008 prae-

579 2034 793 2090 sentes
853 2026 1208 2089 aderamus,
1317 2025 1517 2088 Nunc
1578 2031 1796 2088 autem
1856 2027 2159 2107 quoniam
2219 2027 2481 2108 negotia

577 2133 800 2190 nostra
836 2127 1015 2189 illinc
1053 2147 1172 2189 nos
1214 2127 1517 2200 avulsere,
1561 2126 2009 2217 archidiacono
2052 2134 2273 2191 nostro
2310 2129 2478 2191 vices

579 2237 831 2292 nostras
855 2221 1317 2304 'commisimuS,
1351 2227 1656 2311 adjuncto
1687 2229 1881 2291 etiam
1910 2229 2003 2291 illi
2035 2229 2294 2293 domino
2326 2229 2478 2292 Rof-
2585 2242 2590 2245 ’

576 2332 761 2407 fensi,
800 2332 852 2394 si
898 2351 1176 2413 praesens
1221 2330 1440 2393 adesse
1485 2331 1740 2413 poterit.
1831 2332 2064 2395 Valeat
2107 2332 2177 2395 in
2223 2332 2481 2396 Christo

576 2435 944 2498 fraternitas
974 2440 1107 2510 tua,
1141 2433 1550 2523 dilectissime
1579 2434 1796 2498 frater.

578 2760 1018 2824 EPISTOLA
1064 2759 1990 2838 CCCCXIII.-vmnossum,
2030 2781 2114 2823 υτ
2156 2781 2479 2838 vmn'run,

1361 2883 1449 2924 AD
1486 2910 1706 2925 .....

671 3038 1095 3100 Suscurnws
1139 3036 1358 3100 literas
1403 3036 1649 3100 domini
1688 3037 1878 3118 regis,
1920 3035 2153 3120 quibus
2192 3037 2485 3121 queritur

582 3139 982 3201 Willelmum
1051 3138 1350 3202 abbatem
1418 3139 1699 3202 ecclesiae
1772 3160 1905 3203 suae
1977 3140 2057 3203 de
2124 3139 2487 3204 Lisleshula

585 3261 624 3302 a
669 3239 847 3303 vobis
898 3240 1064 3303 male
1116 3247 1466 3302 tractatum
1518 3261 1676 3316 esse,
1731 3248 1976 3323 petens,
2022 3262 2299 3319 causam,
2342 3264 2484 3323 quae

583 3342 757 3405 inter
795 3363 905 3405 vos
953 3348 1019 3404 et
1056 3343 1192 3425 jam
1239 3342 1483 3404 dictum
1528 3341 1827 3408 abbatem
1875 3344 2166 3420 vertitur,
2216 3365 2253 3406 a
2299 3344 2485 3407 nobis

584 3448 716 3510 fine
760 3444 1068 3508 canonico
1120 3444 1473 3521 terminari,
1520 3451 1585 3508 et
1638 3444 1765 3506 nisi
1807 3445 2015 3507 velitis
2058 3444 2484 3527 adquiescere,

585 3569 719 3612 non
759 3547 1061 3631 patietur,
1094 3545 1267 3628 quod
1288 3546 1425 3629 jam
1457 3546 1647 3609 dictae
1676 3546 1956 3611 ecclesiae
1986 3547 2228 3630 aliquid
2258 3548 2488 3612 amodo

583 3651 897 3715 habeatis.
987 3648 1131 3713 Nos
1170 3655 1388 3712 autem
1416 3649 1555 3731 jam
1591 3647 1765 3712 dicto
1795 3649 2015 3713 abbati
2057 3650 2487 3733 persuasimus

586 3762 662 3817 ut
707 3752 1117 3837 appellationi
1162 3751 1340 3814 omni
1381 3752 1734 3828 renuntiet,
1768 3751 1820 3813 si
1865 3751 1923 3814 ei
1961 3773 2071 3816 vos
2114 3753 2488 3818 renuntiare

588 3856 932 3932 volueritis,
953 3862 1018 3917 et
1040 3862 1334 3918 nostrum
1365 3852 1580 3917 subire
1602 3854 1942 3936 judicium,
1962 3861 2028 3918 et
2051 3856 2187 3939 jam
2219 3855 2338 3918 sub
2369 3857 2490 3920 hac

590 3956 954 4020 conditione
995 3954 1392 4019 renuntiavit
1432 3956 1842 4038 appellationi
1886 3964 1952 4021 et
1995 3958 2181 4023 factae
2224 3965 2291 4023 et
2336 3960 2490 4024 faci-

592 4058 793 4122 endae.
885 4057 1050 4121 Inde
1103 4065 1200 4122 est
1252 4057 1424 4141 quod
1474 4058 1671 4137 vobiS,
1726 4060 1779 4123 si
1830 4061 2265 4127 conditionem
2323 4064 2492 4128 hanc

594 4159 996 4238 admiseritis,
1043 4160 1213 4223 diem
1259 4161 1649 4244 praefigimus
1695 4160 2124 4242 Dominicam,
2165 4187 2293 4248 qua
2342 4188 2489 4229 can-

592 4262 860 4340 tabitur,
891 4262 1333 4326 Misericordia
1361 4263 1663 4327 Domini:
1710 4271 1871 4328 tunc
1900 4272 2159 4329 auctore
2190 4266 2491 4345 Domino,

594 4366 767 4452 quod
823 4363 897 4429 in
955 4364 1253 4446 abbatem
1313 4367 1647 4444 statuistis,
1703 4367 1756 4430 si
1807 4369 2059 4451 justum
2108 4370 2493 4450 apparuerit,

592 4466 1058 4545 roborabimuS,
1090 4467 1537 4532 evacuabimus
1567 4469 1623 4531 si
1651 4469 1846 4534 fuerit
1875 4470 2210 4553 injustum.
2285 4472 2494 4537 Nobis
