3200 5392
580 897 714 940 ΑΛ).
753 874 1144 956 Ilm—89]
1179 938 1182 941 ,
1246 893 1581 936 EmsroLAE
1613 893 1936 943 QUAEDAM.
2357 875 2481 938 127

579 1012 963 1089 inveniatur,
1014 1011 1124 1092 qui
1171 1011 1311 1093 ejus
1359 1009 1535 1074 dolos
1583 1010 1758 1074 feriri
1808 1031 1941 1073 non
1989 1009 2163 1075 velit.
2253 1010 2483 1073 Valete

580 1128 830 1198 semper
873 1113 945 1176 in
989 1112 1290 1189 Domino,
1324 1118 1389 1175 et
1420 1112 1683 1193 spiritus
1714 1112 1964 1176 consilii
1992 1118 2060 1175 et
2087 1111 2484 1177 fortitudinis

580 1225 842 1283 maneat
870 1238 1123 1301 semper
1152 1238 1300 1281 cum
1331 1215 1631 1281 omnibus
1661 1215 1867 1281 nobis.
1956 1217 2192 1281 Amen.

629 1517 1071 1583 EPISTOLA
1116 1516 1851 1583 cccxc—animm
1886 1539 1977 1581 An
2010 1537 2432 1581 GAUFREDUM

1248 1641 1458 1683 mnu
1490 1641 1571 1683 Εἰ·
1603 1640 1818 1685 Amos,

586 1774 927 1837 Gratianus
979 1774 1224 1836 Sanctae
1276 1773 1569 1835 Romame
1628 1772 1893 1838 ecclesioe
1949 1771 2375 1849 subdiaconus,
2425 1776 2486 1833 et

664 1876 899 1939 domini
912 1896 1098 1956 papae
1126 1876 1429 1953 notarius,
1461 1874 1782 1955 Gaufredo
1819 1875 2251 1938 Camuariemi
2280 1874 2484 1936 archi-

665 1979 943 2056 diacono,
993 1984 1053 2040 et
1099 1978 1348 2059 Niyello
1400 1978 1475 2039 de
1524 1978 1896 2056 Saccavilla,
1946 1983 2006 2040 et
2059 1978 2300 2040 Thomae
2342 1975 2486 2057 filio

663 2079 998 2156 Ber-nardi,
1028 2083 1117 2141 sic
1162 2081 1432 2142 transire
1462 2099 1586 2159 per
1632 2080 1786 2142 bona
1833 2082 2217 2161 temporalia,
2255 2085 2323 2142 zet
2367 2100 2486 2142 non

666 2181 959 2242 amittant
988 2186 1237 2243 aeterna.

666 2332 728 2394 A
759 2351 1016 2394 vus'rRA
1050 2352 1187 2395 non
1214 2329 1406 2395 debet
1437 2331 1745 2396 excidisse
1783 2329 2113 2409 memoria,
2147 2329 2419 2414 qualiter
2449 2352 2488 2392 a

578 2434 757 2500 vobis
807 2441 1069 2518 accepto
1106 2436 1479 2518 juramento
1522 2457 1633 2499 vos
1677 2435 1747 2497 in
1790 2455 1901 2517 spe
1946 2434 2117 2517 pacis
2161 2432 2487 2517 promissae

577 2537 915 2602 fecerimus
964 2537 1222 2603 absolvi.
1313 2540 1401 2602 Et
1443 2538 1594 2622 quia
1640 2560 1784 2622 pax,
1825 2544 1901 2600 ut
1948 2535 2345 2621 sperabatur,
2388 2557 2482 2600 se-

577 2648 729 2706 cuta
770 2664 905 2706 non
948 2648 1066 2720 est,
1098 2641 1276 2707 vobis
1319 2664 1434 2726 per
1476 2642 1870 2707 venerabiles
1913 2641 2098 2718 viros,
2131 2640 2482 2704 Rothoma-

579 2765 841 2828 gensem
892 2751 958 2809 et
1017 2746 1551 2830 Burdigalensem
1599 2745 2120 2829 archiepiscopos,
2171 2743 2485 2807 denunci-

581 2845 844 2922 avimus,
891 2852 968 2908 ut
1019 2846 1143 2909 nisi
1199 2847 1370 2909 infra
1419 2853 1579 2911 tunc
1630 2846 1977 2910 imminens
2022 2846 2260 2910 festum
2310 2845 2485 2910 beati

581 2947 920 3011 Michaelis
978 2969 1103 3030 pax
1160 2949 1508 3013 reformata
1559 2955 1746 3027 esset,
1795 2970 2204 3031 nequaquam
2255 2947 2486 3012 exinde

580 3050 828 3114 collatae
881 3036 1298 3116 absolutionis
1356 3050 1668 3116 beneficio
1715 3051 2109 3129 frueremini,
2170 3050 2280 3114 sed
2342 3071 2486 3114 sen-

577 3153 873 3228 tentiam,
921 3173 1114 3233 quam
1163 3153 1644 3217 Cantuariensis
1697 3154 2207 3238 archiepiscopus
2257 3154 2329 3216 in
2374 3174 2484 3217 vos

582 3253 798 3330 ferret,
849 3252 987 3320 sine
1004 3265 1023 3316 ἑ·
1033 3253 1258 3318 fraude
1311 3261 1376 3317 et
1423 3256 1592 3319 malo
1644 3256 1905 3336 ingenio
1956 3256 2227 3319 firmiter
2278 3276 2484 3319 serva-

583 3354 757 3418 retis.
850 3353 1023 3420 Quia
1069 3376 1222 3436 ergo
1267 3377 1389 3438 pax
1440 3362 1661 3419 secuta
1707 3377 1841 3419 non
1889 3362 2005 3433 est,
2056 3362 2121 3419 et
2145 3378 2277 3419 »vos
2323 3377 2486 3439 prae-

580 3459 753 3523 fatus
814 3457 1298 3522 Cantuariensis
1373 3458 1443 3520 in
1516 3458 1908 3524 sententiam
1974 3456 2484 3532 excommunica-

579 3561 776 3627 tionis
848 3560 1103 3646 publice
1176 3561 1480 3644 reposuit,
1541 3559 1720 3624 vobis
1786 3560 1857 3622 in
1917 3560 2157 3623 virtute
2212 3559 2488 3642 praestiti

576 3665 930 3747 juramenti
976 3664 1397 3748 praecipimus,
1449 3671 1767 3746 quatenus
1820 3662 2205 3728 sententiam
2239 3663 2484 3746 ipsam,

585 3767 787 3833 donec
845 3767 1085 3833 absolvi
1145 3766 1542 3843 mereamini,
1604 3765 2058 3830 inviolabiliter
2116 3762 2482 3832 observetis.

583 3872 713 3935 Det
753 3871 930 3935 vobis
978 3872 1156 3934 Deus
1200 3891 1327 3949 cor,
1367 3877 1448 3936 ut,
1491 3869 1714 3934 colatis
1762 3891 1931 3949 eum,
1975 3876 2041 3934 et
2088 3871 2293 3954 magis
2331 3870 2484 3934 faci-

587 3974 709 4037 atis
737 3974 954 4057 ipsius,
988 3994 1182 4054 quam
1211 3972 1490 4042 hominis
1520 3972 1940 4036 voluntatem.

677 4091 984 4156 Similiter
1013 4092 1265 4176 scripsit
1293 4092 1629 4156 VivianuS.
