3200 5392
565 900 700 943 Λα).
738 879 1134 962 1161-89.]
1234 898 1575 958 nrlsrorffi
1600 900 1924 950 QUAEDAM.
2248 878 2261 885 ”
2345 884 2469 952 193

560 1015 1042 1099 perversitatem
1102 1016 1382 1098 quonam
1440 1014 1632 1080 modo
1689 1015 2167 1085 vindicabitur?
2264 1017 2470 1085 Minis

563 1137 818 1200 quoque
861 1116 1164 1200 gravibus
1205 1117 1616 1200 superaddita
1659 1123 1813 1181 sunt
1857 1118 2164 1201 graviora.
2261 1118 2471 1191 Quos-

562 1217 714 1281 dam
742 1239 1022 1302 namque
1049 1217 1268 1283 fideles
1298 1225 1366 1285 et
1394 1219 1740 1285 familiares
1771 1218 2016 1286 domini
2045 1221 2251 1283 nostri
2280 1222 2470 1303 regis,

558 1321 895 1405 primarios
926 1322 1109 1406 regni
1136 1343 1449 1405 proceres,
1481 1321 1676 1405 regiis
1714 1322 2075 1405 specialiter
2102 1320 2472 1388 assistentes

562 1425 841 1502 secretis,
852 1425 923 1487 in
942 1446 1215 1508 quorum
1231 1446 1432 1488 manu
1451 1425 1716 1489 consilia
1732 1427 1902 1509 regis
1922 1432 1988 1490 et
2006 1427 2275 1509 negotia
2285 1429 2473 1511 regni

561 1527 949 1610 diriguntur,
981 1549 1117 1595 non
1160 1528 1412 1607 citatOS,
1444 1550 1579 1592 non
1611 1528 1926 1607 defensoS,
1959 1550 2112 1607 non,
2143 1536 2220 1594 ut
2262 1531 2468 1609 aiunt,
2533 1527 2537 1530 ’

560 1631 767 1714 culpae
801 1631 924 1695 sibi
960 1631 1265 1709 conscios,
1296 1653 1432 1699 non
1476 1631 1798 1696 convictos
1840 1639 1954 1696 aut
1994 1633 2334 1712 confessos,
2366 1655 2472 1698 ex-

560 1732 1159 1797 communicationis
1198 1731 1535 1796 innodavit
1566 1733 1909 1810 sententia,
1942 1741 2007 1798 et
2037 1736 2473 1805 excommuni-

561 1841 738 1898 catos
780 1833 1036 1917 publice
1080 1832 1513 1898 denunciavit.
1603 1835 1865 1918 Adjecit
1909 1837 2126 1915 etiam,
2163 1845 2241 1901 ut
2285 1858 2473 1902 vene-

561 1934 830 1998 rabilem
872 1936 1140 1999 fratrem
1182 1943 1497 2014 nostrum,
1544 1935 1881 2001 dominum
1930 1937 2501 2014 Saresberiensem4

563 2038 950 2123 episcopum,
983 2038 1314 2105 absentem
1360 2047 1427 2103 et
1470 2039 1900 2119 indefensum,
1935 2064 2072 2106 non
2112 2044 2479 2107 confessum

553 2146 680 2203 aaut
710 2140 1095 2219 convictum,
1128 2140 1507 2204 sacerdotali
1535 2142 1714 2225 prius
1745 2150 1812 2206 et
1843 2143 2183 2225 episcopali
2212 2165 2477 2227 suspen-

554 2230 729 2307 derit
773 2244 998 2323 officio,
1047 2265 1243 2328 quam
1286 2244 1721 2326 suspensionis
1765 2245 1906 2328 ejus
1951 2266 2145 2309 causa
2187 2267 2476 2329 compro-

560 2345 931 2413 vincialium
960 2353 1073 2410 aut
1103 2339 1466 2430 aliquorum
1505 2345 1702 2408 etiam
1737 2346 1965 2410 fuisset
2002 2346 2268 2412 arbitrio
2309 2369 2479 2412 com-

563 2446 851 2530 probata.
944 2449 1016 2511 Si
1042 2448 1150 2512 hic
1176 2449 1396 2531 itaque
1424 2448 1817 2531 judiciorum
1850 2449 2008 2513 ordo
2039 2449 2208 2513 eirca
2234 2471 2477 2534 regem,

563 2550 733 2615 circa
780 2572 1057 2634 regnum
1108 2557 1249 2615 tam
1298 2557 1704 2636 praepostere,
1756 2573 1842 2616 ne
1902 2551 2189 2616 dicamus
2240 2552 2480 2616 inordi-

561 2661 735 2731 nate,
787 2654 1185 2737 processerit,
1247 2654 1557 2738 quidnam
1619 2656 1926 2739 consequi
1981 2677 2167 2739 posse
2223 2655 2479 2739 putabi-

563 2777 708 2821 mus
724 2758 754 2820 ?
828 2758 984 2822 Dies
1014 2758 1188 2822 enim
1219 2757 1373 2820 mali
1414 2763 1589 2836 sunt,
1621 2764 1688 2823 et
1733 2758 2135 2823 occasionem
2162 2759 2483 2824 habentes

563 2859 963 2942 malignandi
1008 2881 1198 2943 quam
1246 2860 1612 2943 plurimam,
1660 2861 1788 2924 nisi
1833 2867 1910 2925 ut
1953 2867 2145 2925 tenor
2190 2862 2366 2945 pacis
2413 2867 2479 2925 et

565 2962 808 3044 gratiae,
841 2983 966 3045 quo
1007 2983 1284 3045 regnum
1329 2968 1395 3026 et
1440 2962 1868 3028 sacerdotium
1897 2984 2102 3047 usque
2142 2964 2337 3027 modo
2380 2985 2484 3028 co·

563 3064 829 3144 haerent,
854 3065 1295 3148 abrumpatur,
1322 3071 1387 3128 et
1415 3087 1535 3129 nos
1559 3087 1710 3129 cum
1733 3066 2072 3133 commisso
2100 3065 2290 3130 nobis
2315 3066 2485 3131 clero

559 3168 636 3230 in
684 3167 1149 3250 dispersionem
1195 3167 1498 3232 abeamus
1552 3169 1744 3244 exilii,
1793 3176 1909 3232 aut
1953 3191 1992 3233 a
2034 3174 2264 3248 vestra,
2312 3169 2489 3252 quod

567 3269 754 3348 absit,
794 3269 1106 3333 fidelitate
1150 3269 1521 3334 recedentes
1566 3270 1648 3333 ad
1694 3269 2055 3333 schismatis
2099 3271 2366 3347 malum,
2410 3271 2485 3333 in

567 3372 873 3456 abyssum
929 3371 1294 3454 iniquitatis
1355 3377 1421 3435 et
1478 3370 1936 3436 inobedientiae
1985 3371 2485 3455 provolvamur?

565 3474 1217 3558 Compendiosissima
1255 3474 1492 3558 quippe
1520 3473 1624 3537 via
1660 3474 1798 3538 haec
1843 3481 1940 3539 est
1985 3473 2068 3538 ad
2106 3495 2299 3538 omne
2338 3473 2484 3539 reli-

564 3578 773 3662 gionis
826 3576 1255 3662 dispendium,
1305 3577 1388 3641 ad
1441 3576 1595 3643 cleri
1640 3577 1881 3659 pariter
1933 3577 2280 3661 populique
2335 3575 2485 3640 sub-

552 3680 921 3746 versionem
950 3701 1025 3744 ac
1054 3679 1412 3744 interitum.
1506 3679 1703 3743 Unde
1733 3701 1818 3744 ne
1864 3679 2258 3763 apostolatus
2290 3679 2485 3742 vestri

563 3789 852 3867 tempore
881 3791 1019 3847 tam
1048 3782 1278 3846 misere
1308 3781 1720 3846 subvertatur
1748 3781 2045 3861 ecclesia,
2063 3802 2150 3845 ne
2181 3781 2484 3845 dominus

566 3907 679 3949 rex
707 3893 773 3949 et
804 3885 1149 3950 servientes
1191 3885 1256 3948 ei
1289 3885 1512 3968 populi
1541 3905 1581 3947 a
1607 3891 1839 3964 vestra,
1873 3884 2044 3969 quod
2086 3883 2274 3963 absit,
2308 3905 2482 3948 aver-

566 3995 795 4052 tantur
837 3987 1220 4067 obedientia,
1261 4009 1347 4052 ne
1389 3994 1627 4066 totum,
1675 3987 1861 4071 quod«
1890 3988 2286 4070 privatorum
2330 4008 2482 4052 con-

570 4089 711 4153 silio
746 4089 1171 4168 machinatur,
1201 4089 1402 4173 possit
1444 4089 1516 4153 in
1560 4110 1680 4154 nos
1724 4089 1970 4155 domini
2001 4090 2484 4155 Cantuariensis

554 4191 921 4270 iracundia,
962 4191 1261 4257 adversus
1305 4214 1456 4257 eum
1500 4201 1566 4257 et
1609 4193 1810 4277 ipsius
1854 4193 2183 4270 mandata,
2222 4192 2485 4258 domino

568 4300 793 4358 nostro
821 4293 960 4375 regi
988 4299 1102 4357 aut
1130 4315 1333 4376 regno
1363 4295 1521 4377 ejus,
1553 4293 1741 4358 nobis
1770 4301 1884 4359 aut
1914 4294 2268 4359 commissis
2296 4292 2484 4356 nobis

570 4396 852 4461 ecclesiis
881 4417 1226 4480 gravamen
1256 4396 1515 4480 aliquod
1540 4397 1978 4481 importantia,
2006 4396 2095 4459 ,ad
2124 4394 2482 4485 sublimita-

571 4505 707 4564 tem
736 4506 1016 4579 vestram
1044 4518 1195 4563 voce
1225 4504 1291 4563 et
1321 4497 1558 4583 scripto
1598 4499 2077 4583 appellavimus,
2109 4503 2176 4561 et
2207 4496 2483 4580 appella-

661 4627 768 4663 ou..
794 4627 907 4662 rot..
953 4626 1073 4661 vo1..
1097 4627 1156 4662 11.
1538 4620 1578 4663 0
