3200 5392
610 956 742 1000 Aa).
784 935 1178 1022 1161—89.]
1270 956 1606 1002 arma-om
1636 956 1951 1007 QUAEDAM.
2428 942 2513 1006 87

611 1072 820 1138 multa
859 1093 1054 1155 opera
1096 1072 1374 1156 pietatis,
1417 1073 1668 1156 plaeere
1706 1074 1906 1155 possit
1945 1073 2016 1136 in
2057 1074 2256 1138 oeulis
2293 1074 2515 1137 eondi-

612 1174 790 1252 toris,
828 1174 896 1239 id
935 1174 1056 1240 erit
1099 1175 1418 1259 praecipue
1447 1196 1562 1259 per
1591 1175 1763 1259 quod
1792 1196 2068 1259 regnum
2098 1175 2219 1239 sibi
2248 1176 2519 1240 feliciter

611 1277 848 1360 poterit
876 1277 1187 1362 ampliari,
1218 1285 1285 1343 et
1327 1278 1463 1361 ipse
1505 1278 1909 1345 incrementa
1936 1299 2070 1344 non
2100 1278 2355 1343 modica
2379 1285 2517 1343 tam

611 1380 1031 1463 spiritualiter
1061 1402 1256 1465 quam
1294 1381 1737 1465 temporaliter
1776 1381 1857 1446 ab
1898 1382 2345 1466 omnipotente
2386 1382 2518 1446 Do·

609 1484 790 1547 mino
829 1484 1060 1550 exinde
1099 1484 1442 1550 obtinebit.
1536 1484 1933 1568 Hujusmodi
1977 1492 2197 1550 autem
2240 1506 2519 1550 eommo-

611 1587 928 1652 nitionem
986 1587 1080 1651 ita
1139 1594 1502 1671 opportune
1555 1594 1622 1651 et
1672 1588 2104 1672 inopportune
2154 1588 2323 1653 eirea
2371 1609 2522 1652 eum

612 1689 849 1755 habere
879 1690 1160 1769 studeas,
1192 1696 1258 1754 et
1287 1690 1502 1774 ipsum
1543 1690 1625 1754 ad
1667 1690 1789 1755 hoe
1828 1692 1922 1754 ita
1961 1691 2305 1774 diligenter
2332 1691 2540 1757 indu-'

612 1815 738 1869 eas,
764 1803 837 1860 et
874 1816 1028 1859 eum
1057 1801 1195 1860 tam
1226 1793 1298 1858 in
1325 1793 1717 1862 relevatione
1747 1794 2181 1872 ecelesiarum,
2213 1813 2409 1877 quam
2453 1794 2522 1858 in

614 1897 773 1976 aliis,
820 1897 892 1962 in
940 1896 1173 1981 quibus
1225 1896 1561 1980 culpabilis
1603 1897 1953 1975 invenitur,
2000 1896 2283 1981 seipsum
2327 1898 2522 1962 corri-

614 2022 764 2085 gere
807 2000 940 2065 tuis
985 1997 1533 2065 admonitionibus
1585 2000 1959 2065 sentiamus.
2050 2000 2157 2066 Ad
2214 2000 2351 2066 haee
2410 2001 2524 2066 ho-

614 2110 816 2168 nestae
847 2109 913 2168 et
942 2103 1256 2185 religiosae
1298 2123 1608 2185 personae,
1640 2110 1957 2185 quantum
1986 2104 2058 2167 in
2088 2103 2210 2168 hoe
2239 2111 2527 2189 tempore

614 2205 899 2269 ecelesiae
928 2204 1055 2269 Dei
1080 2204 1454 2268 neeessariae
1481 2205 1803 2287 utilesque
1831 2205 2212 2284 consistant,
2236 2214 2303 2271 et
2326 2229 2524 2290 quan-

616 2316 761 2374 tum
806 2308 894 2372 sit
938 2329 1165 2374 eorum
1208 2308 1342 2372 vita
1387 2314 1454 2371 et
1499 2307 1911 2373 ineolumitas
1956 2314 2339 2391 opportuna,
2389 2316 2527 2373 tam

615 2434 735 2477 nos
776 2433 970 2497 quam
1018 2432 1243 2476 omnes
1288 2410 1402 2495 qui
1446 2411 1701 2476 ratione
1747 2418 2029 2476 utuntur
2075 2412 2261 2476 faeile
2307 2432 2525 2496 recog-

615 2522 914 2580 noscunt.
1004 2512 1390 2578 Audivimus
1449 2520 1670 2579 autem
1722 2521 1790 2578 et
1838 2514 2116 2579 veridica
2172 2516 2527 2581 multorum

615 2618 928 2683 relatione
976 2616 1424 2701 comperimus,
1469 2616 1646 2702 quod
1691 2624 1769 2681 tu
1815 2638 2077 2682 earnem
2126 2624 2309 2682 tuam
2354 2619 2529 2683 ultra

617 2744 814 2807 quam
865 2722 1090 2788 deceat
1148 2727 1215 2785 et
1274 2721 1570 2804 expediat
1617 2728 1921 2785 attenuas
1979 2729 2048 2786 et
2106 2722 2353 2806 affligis,
2405 2741 2527 2787 nee

614 2825 918 2890 carnibus
961 2844 1245 2902 vescens,
1290 2845 1412 2889 nec
1459 2825 1867 2889 stomachum
1909 2826 2062 2889 vino
2105 2826 2398 2890 reficiens
2444 2826 2528 2889 ad

618 2928 914 2992 salutem.
1023 2927 1218 2992 Unde
1275 2927 1639 2992 timendum
1697 2937 1816 3006 est,
1877 2949 1961 2992 ne
2018 2929 2177 2992 dum
2228 2930 2528 3012 jumento

618 3032 978 3097 neeesoeria
1034 3030 1528 3110 subtrahuntur,
1589 3031 1791 3095 nimia
1847 3031 2179 3096 debilitate
2236 3051 2528 3096 nuceum-

619 3134 755 3214 bas,
806 3142 876 3199 et
935 3134 1202 3200 eeclesia
1260 3134 1386 3198 Dei
1443 3155 1522 3198 ex
1580 3140 1718 3213 tuo,
1768 3135 1943 3218 quod
2001 3134 2190 3214 absit,
2251 3134 2527 3213 defectu,

622 3258 816 3319 grave
844 3237 1157 3300 sustineat
1186 3236 1671 3315 detrimentum,
1701 3238 1784 3302 de
1827 3239 2014 3321 eujus
2051 3237 2529 3302 conversatione

622 3345 692 3404 et
728 3338 862 3402 vita
898 3358 1033 3401 non
1073 3336 1326 3402 modica
1354 3339 1622 3420 suseipit
1656 3340 2077 3404 incrementa.
2169 3341 2341 3403 Sane
2371 3339 2530 3404 seire

623 3449 692 3507 te
721 3435 1063 3517 eredimus,
1093 3439 1372 3522 qualiter
1408 3440 1480 3503 in
1517 3441 1722 3506 veteri
1763 3429 2157 3505 testamento
2198 3447 2419 3504 turtur
2459 3440 2532 3506 in

623 3543 934 3610 sacrificio
962 3564 1097 3609 non
1122 3544 1459 3608 consuevit
1488 3542 1714 3623 occidi,
1746 3544 1859 3607 sed
1887 3549 2082 3626 eaput
2121 3543 2258 3627 ejus
2293 3540 2533 3624 legitur

624 3645 708 3711 ad
750 3645 1068 3731 pennulas
1110 3645 1489 3730 retorqueri,
1538 3647 1927 3729 significans,
1969 3644 2143 3729 quod
2184 3645 2281 3708 vir
2315 3643 2533 3728 justus

624 3770 759 3813 non
807 3748 997 3814 debet
1043 3748 1356 3832 parcitate
1402 3748 1694 3814 ciborum
1739 3769 1999 3814 earnem
2041 3748 2374 3832 perimere,
2421 3747 2534 3812 sed

627 3853 688 3917 ei
744 3852 1066 3936 superflua
1124 3851 1584 3932 subtrahendo,
1645 3854 1837 3917 luxus
1895 3860 1965 3917 et
2021 3852 2178 3916 vitia
2226 3872 2532 3916 resecare.

627 3955 1048 4020 Mortificatio
1086 3954 1260 4020 enim
1301 3956 1512 4021 earnis
1552 3956 1633 4020 ad
1673 3956 2001 4021 modicum
2030 3955 2205 4020 utilis
2241 3961 2359 4033 est,
2398 3954 2532 4038 pie-

628 4064 730 4122 tat
767 4077 917 4122 vero
955 4056 1041 4122 ad
1076 4055 1298 4122 omnia
1335 4055 1696 4122 necessaria
1738 4055 2208 4140 oomprobatur.
2300 4054 2535 4119 Mone-

630 4179 776 4224 mus
802 4158 1008 4242 igitur
1034 4158 1510 4224 fraternitatem
1549 4165 1735 4224 tuam
1775 4165 1843 4223 et
1881 4157 2295 4224 exhortamur
2321 4162 2533 4221 atten-

631 4261 784 4339 tius,
823 4262 1128 4347 quatinus
1171 4262 1253 4328 de
1292 4269 1528 4328 eaetero
1571 4260 1751 4326 carni
1792 4266 1923 4326 tuae
1967 4280 2373 4345 nequaquam
2416 4259 2535 4322 hu·-

627 4364 912 4448 jusmodi
956 4364 1402 4429 austeritatem
1444 4363 1714 4442 indicas,
1747 4364 1861 4429 sed
1898 4365 2089 4447 juxta
2131 4359 2535 4426 commoniti-

636 4488 828 4531 onem
872 4468 1161 4551 apostoli,
1209 4469 1459 4533 modico
1503 4468 1652 4532 vino
1697 4474 1761 4532 et
1803 4473 2161 4551 temperato
2205 4462 2428 4541 utaris,
2471 4468 2537 4526 et

635 4569 936 4635 carnibus
982 4570 1344 4654 aliquande,
1385 4593 1584 4655 quum
1629 4572 1731 4636 vel
1774 4570 2162 4635 medicinam
2210 4565 2545 4650 acceperis,
