3200 5392
529 876 661 917 Aa).
700 854 1094 937 1161—89.]
1368 873 1722 938 0110101111.
2310 853 2439 918 287

527 989 651 1073 ipsi
703 988 1287 1053 excommunicatos
1337 989 1687 1066 habebant,
1734 989 2235 1054 extraordinarie
2281 1011 2443 1074 prae-

530 1092 794 1175 cipitata
827 1092 901 1154 in
931 1092 1076 1174 illos
1113 1092 1454 1171 sententia,
1484 1092 1693 1175 magis
1738 1114 1818 1156 ex
1859 1092 2109 1175 impetu
2149 1092 2350 1156 animi
2380 1100 2447 1156 et

528 1202 715 1260 motu
757 1195 1012 1274 mentis,
1053 1217 1241 1278 quam
1288 1216 1367 1260 ex
1409 1195 1680 1261 rationis
1723 1195 1960 1259 librata
2002 1196 2304 1279 aequitate
2344 1196 2447 1261 vel

532 1297 1009 1362 deliberationis
1049 1297 1334 1362 consilio.
1426 1298 1651 1364 Quum
1681 1305 1902 1362 autem
1929 1319 2124 1381 super
2152 1299 2275 1363 hoc
2307 1299 2447 1361 diu-

529 1401 663 1465 tius
716 1422 925 1472 sermo
977 1401 1335 1480 duceretur,
1389 1401 1548 1485 petii
1596 1408 1675 1464 ut
1733 1400 2234 1479 absolverentur,
2285 1422 2448 1487 quos

528 1504 653 1587 ipsi
688 1504 781 1567 sic
817 1504 1049 1586 ligatos
1092 1503 1440 1568 habebant.
1531 1503 1669 1586 Ipsi
1698 1524 1849 1567 vero
1895 1524 1962 1567 se
2005 1502 2149 1567 illos
2190 1502 2444 1567 absolu-

529 1618 709 1671 turos
737 1607 1222 1691 promittebant,
1256 1607 1310 1670 si
1338 1606 1463 1670 illis
1494 1606 1802 1670 securitas
1834 1606 2152 1693 juratoria
2179 1612 2444 1690 praesta-

530 1717 713 1775 retur
741 1709 821 1774 ab
853 1710 1113 1789 eisdem,
1149 1709 1320 1793 quod
1358 1709 1637 1774 absoluti
1674 1710 1962 1792 ipsorum
2000 1717 2301 1793 parerent
2345 1730 2445 1773 ar-

532 1813 746 1879 bitrio.
840 1812 1016 1877 Hinc
1046 1821 1264 1878 autem
1297 1820 1510 1877 motus
1540 1813 2002 1892 vehementius,
2027 1813 2241 1897 juravi
2270 1813 2444 1897 quod

533 1918 908 1981 nullatenus
945 1925 1421 1981 sacramentum
1453 1916 1608 1981 inde
1648 1923 2046 2000 praestarent,
2081 1917 2195 1981 sed
2235 1917 2289 1980 si
2318 1917 2447 1980 vel-

536 2021 695 2098 lent,
739 2041 778 2082 a
814 2020 993 2083 laicis
1032 2018 1184 2083 fidei
1221 2019 1731 2103 interpositione,
1775 2040 1814 2083 a
1853 2019 2096 2083 clericis
2138 2007 2211 2082 in
2254 2018 2447 2083 verbo

534 2123 821 2187 veritatis
849 2123 1269 2206 promissione
1305 2123 1397 2186 eis
1431 2123 1842 2187 securitatem
1871 2122 2013 2185 fieri
2040 2122 2337 2199 facerem,
2370 2129 2447 2184 ut

537 2233 942 2289 mererentur
970 2225 1228 2290 absolvi.
1322 2227 1458 2309 Ipsi
1493 2233 1714 2290 autem
1744 2241 1881 2289 esse
1909 2224 2033 2288 hoc
2068 2231 2447 2287 extraneum

538 2351 578 2392 a
611 2330 1078 2393 consuetudine
1119 2336 1494 2408 asserentes,
1536 2336 1602 2393 et
1645 2350 1684 2392 a
1718 2329 1843 2392 sibi
1883 2328 2182 2411 injuncto
2221 2332 2447 2390 tenore

538 2432 823 2495 alienum
865 2432 1253 2496 affirmantes
1295 2432 1618 2510 dixerunt,
1660 2430 1832 2516 quod
1876 2429 1959 2494 ad
2003 2431 2125 2494 hoc
2163 2435 2449 2493 vestrum

537 2535 774 2599 habere
820 2536 1057 2599 vellent
1116 2536 1474 2614 consilium,
1529 2535 1640 2618 qui
1699 2541 1766 2598 et
1826 2533 2334 2617 archiepiscopus
2382 2539 2449 2595 et

540 2637 903 2720 apostolicae
955 2637 1121 2701 sedis
1172 2640 1424 2721 legatus
1472 2639 1646 2718 estis,
1698 2645 1777 2702 ut
1826 2639 1880 2701 si
1932 2638 2055 2702 hoc
2108 2658 2186 2700 ex
2235 2644 2447 2701 vestro

538 2740 854 2805 haberent
901 2741 1184 2819 consili0,
1235 2762 1351 2824 pro
1398 2742 1809 2806 excusatione
1861 2741 1952 2805 eis
2004 2741 2341 2819 sufficeret,
2396 2740 2451 2802 si

539 2842 882 2927 aliquando
933 2844 1459 2926 transgressionis
1512 2852 1774 2928 propter
1823 2843 1947 2909 hoc
1999 2850 2449 2927 arguerentur.

540 2946 830 3010 Mittunt
867 2945 1087 3031 itaque
1127 2947 1210 3010 ad
1243 2969 1373 3026 vos,
1406 2954 1472 3011 et
1509 2970 1630 3031 ego
1669 2948 1860 3012 mitto
1897 2953 1965 3011 et
2002 2965 2245 3031 precor,
2280 2946 2453 3029 quod

538 3048 772 3112 honori
815 3068 962 3112 meo
1006 3055 1073 3111 et
1117 3049 1455 3114 commodo
1497 3050 1925 3128 consulentes,
1958 3048 2042 3113 ad
2079 3050 2203 3113 hoc
2243 3048 2452 3112 consi-

539 3150 704 3213 lium
742 3155 1026 3213 vestrum
1066 3150 1414 3234 applicetis.
1505 3152 1779 3215 Confido
1819 3158 2039 3215 autem
2079 3157 2453 3215 constanter

544 3251 625 3315 de
675 3250 873 3328 vobiS,
930 3272 1124 3334 quem
1173 3273 1290 3335 pro
1342 3274 1595 3316 summo
1648 3253 1853 3317 amico
1904 3253 2254 3336 amplector
2303 3273 2454 3316 cum

543 3353 1101 3419 abundantissima
1131 3354 1486 3435 devotione,
1519 3356 1692 3439 quod
1730 3356 1803 3419 in
1830 3356 1955 3420 hoc
1984 3363 2050 3420 et
2088 3356 2227 3419 aliis
2255 3375 2451 3438 nego-

540 3457 651 3522 tiis
691 3457 853 3521 meis
892 3464 958 3521 et
1003 3458 1280 3540 gratiam
1321 3457 1609 3536 uberem,
1645 3465 1712 3523 et
1752 3457 2153 3541 diligentiam
2184 3458 2453 3541 vigilan-

542 3567 698 3640 tem,
749 3566 815 3625 et
865 3547 1300 3624 firmissimam
1342 3561 1725 3626 fidelitatem
1776 3560 2175 3626 exhibebitis.
2267 3561 2453 3626 Desi-

540 3664 719 3729 den’o
754 3683 901 3728 11100
936 3664 1290 3748 plurimum
1329 3665 1706 3730 successisse
1743 3671 2129 3749 reputarem,
2162 3665 2217 3728 si
2243 3663 2454 3729 vobis-

542 3788 694 3831 cum
721 3767 900 3851 loqui
927 3788 1201 3851 possem,
1232 3768 1347 3832 sed
1386 3767 1661 3833 aliorum
1698 3768 2106 3852 negotiorum
2140 3767 2457 3832 instantia

541 3869 665 3934 hoc
695 3870 779 3933 ad
806 3891 1085 3954 praesens
1111 3871 1255 3936 fieri
1284 3870 1600 3956 prohibet.
1692 3872 1854 3937 Peto
1883 3871 2103 3955 itaque
2133 3877 2454 3955 quatenus

544 3972 826 4055 aliquem
865 3973 944 4037 de
972 3975 1196 4039 vestris
1236 3975 1320 4039 ad
1357 3996 1463 4040 1110
1500 3975 1797 4054 mittatis,
1828 3995 1943 4059 per
1973 3996 2165 4058 quem
2199 3975 2455 4059 plenius

544 4080 757 4138 vestra
782 4075 946 4139 mihi
973 4078 1268 4143 voluntas
1297 4079 1680 4160 innotescat,
1712 4086 1781 4145 et
1821 4100 1968 4143 mea
1993 4078 2173 4144 vobis
2211 4078 2455 4162 pariter

546 4177 935 4243 notificetur.
988 4213 991 4220 «
