3200 5392
581 888 717 937 Ad>-
755 866 1148 949 1161—89.]
1251 886 1586 929 uns-rotat
1618 886 1941 936 QUAEDAM.
2359 867 2486 931 275

577 1004 934 1082 doctorum,
981 1003 1311 1088 religionis
1369 1002 1723 1086 speculum,
1775 1009 1842 1067 et
1899 1004 2232 1088 praesentis
2290 1004 2488 1068 seculi

579 1104 790 1170 decus.
882 1106 968 1170 In
1011 1127 1140 1189 quo
1183 1112 1486 1170 naturam
1530 1106 1742 1189 gratia
1777 1105 1906 1171 Dei
1948 1106 2378 1191 praeveniente
2421 1114 2489 1172 et

578 1208 1031 1292 subsequente,
1062 1208 1280 1273 omnia
1321 1208 1647 1273 laudanda
1682 1209 1773 1273 sic
1811 1208 2097 1293 perfecit,
2126 1218 2205 1274 ut
2234 1210 2338 1276 vix
2373 1209 2488 1273 ali-

580 1332 709 1395 qua
763 1311 1165 1395 reprehenda
1219 1309 1572 1394 reliquerit.
1684 1311 1788 1376 De
1846 1333 1975 1394 quo
2033 1310 2306 1376 dubium
2366 1319 2487 1390 est,

576 1421 801 1478 utrum
828 1415 1014 1479 malit
1042 1413 1392 1479 virtutibus
1429 1414 1666 1493 ornari,
1698 1435 1892 1497 quam
1927 1415 2267 1480 emundari
2293 1415 2486 1480 vitiis.

577 1517 663 1580 In
709 1538 836 1600 quo
879 1518 1150 1582 scientia
1190 1518 1546 1582 multarum
1590 1517 1828 1581 artium
1873 1517 2176 1582 vitiorum
2218 1518 2343 1582 fuit
2386 1518 2488 1581 in-

573 1620 824 1699 teritus,
855 1643 990 1685 non
1020 1622 1336 1686 cumulus.
1415 1620 1548 1686 Qui
1575 1621 1983 1684 mundanum
2012 1619 2488 1704 philosophum,

575 1745 723 1788 vero
740 1724 1001 1789 Christo
1017 1723 1394 1808 philosopho
1417 1723 1509 1788 sic
1529 1724 1826 1802 mutavit,
1841 1712 1925 1788 ‘ut
1945 1723 2134 1788 istius
2152 1724 2490 1789 veritatem

576 1826 904 1905 retineret,
934 1826 1106 1889 illius
1147 1824 1452 1890 astutiam
1494 1847 1630 1890 non
1667 1826 1990 1910 abjiceret.
2082 1828 2215 1894 Qui
2251 1826 2490 1910 magis-

568 1919 752 1991 trum
776 1928 1138 1991 scholarum
1162 1928 1254 1993 sic
1275 1926 1540 2006 dimisit,
1563 1935 1641 1992 ut
1665 1928 2117 2011 discipulatum
2141 1930 2490 1995 idiotarum

579 2029 823 2093 Christi
868 2029 1136 2095 devotus
1188 2028 1564 2095 addisceret.
1676 2030 1893 2096 Quem
1940 2051 2073 2096 non
2119 2033 2489 2109 necessitas,

576 2132 690 2197 sed
740 2130 876 2197 sola
924 2132 1159 2197 caritas
1208 2133 1408 2196 traxit
1459 2133 1543 2197 ad
1594 2133 1971 2211 Christum3
2039 2152 2174 2198 non
2231 2133 2492 2200 miseria

577 2236 692 2299 sed
738 2235 934 2300 solius
984 2234 1396 2319 perfectionis
1444 2236 1729 2300 intentio
1779 2236 2083 2301 alienavit
2134 2258 2175 2300 a
2222 2235 2488 2300 mundo.

579 2339 705 2404 Cui
737 2339 1076 2423 multiplex
1115 2339 1384 2404 scientia
1410 2339 1850 2404 humilitatem
1890 2339 2340 2418 accumulavit,
2370 2339 2492 2403 hu-

577 2443 819 2507 militas
873 2442 1309 2507 constantiam
1370 2442 1627 2526 adjecit.
1719 2442 1853 2509 Qui
1910 2448 2169 2506 tantum
2219 2442 2495 2506 honesta

576 2545 862 2629 diligere,
894 2546 1099 2610 otiosa
1142 2545 1340 2624 odire,
1382 2546 1601 2629 turpia
1643 2546 1894 2625 timere,
1923 2553 2001 2609 ut
2042 2546 2115 2609 in
2158 2544 2493 2610 voluntate

574 2648 894 2727 habuerit,
939 2649 1244 2714 ostendit.
1332 2648 1462 2713 Cui
1503 2648 1629 2712 fuit
1680 2649 1921 2733 injuria
1969 2669 2088 2732 pro
2128 2648 2490 2726 honestate,

575 2751 830 2835 injuriis
868 2771 1003 2816 non
1042 2752 1229 2829 affici,
1276 2752 1460 2818 labor
1500 2752 1573 2815 in
1615 2754 1838 2837 requie
1882 2773 2020 2817 esse
2062 2772 2181 2837 pro
2217 2750 2491 2836 justitia,

575 2853 826 2936 requies
854 2853 927 2917 in
954 2854 1174 2918 labore
1203 2854 1413 2919 vivere
1441 2875 1559 2938 pro
1587 2856 1878 2920 veritate.
1955 2854 2090 2921 Qui
2115 2855 2325 2918 factus
2354 2874 2492 2918 mo-

576 2956 845 3034 nachus,
887 2955 968 3019 de
1012 2956 1242 3020 clerico
1283 2961 1518 3039 praeter
1561 2956 1856 3021 ordinem
1890 2955 1988 3019 nil
2020 2955 2145 3020 sibi
2181 2954 2491 3032 retinuit3

579 3060 778 3124 abhas
852 3060 1267 3138 constit-utus,
1332 3080 1531 3143 opera
1604 3059 1909 3125 monachi
1974 3080 2111 3123 non
2186 3057 2489 3122 deseruit.

579 3163 884 3226 Elevatus
941 3162 1013 3225 in
1070 3183 1383 3244 magnum
1442 3162 1836 3245 pontificem,
1895 3161 2071 3225 idem
2131 3161 2240 3245 qui
2297 3166 2492 3226 antea

577 3263 949 3349 permansit.
1043 3264 1221 3330 Quot
1280 3263 1517 3346 gradus
1575 3270 2002 3341 accesserunt,
2060 3270 2161 3328 tot
2219 3264 2490 3326 virtutes

574 3373 1043 3433 successerunt.
1162 3366 1288 3431 Per
1337 3365 1765 3450 multiplicem
1822 3386 2045 3430 curam
2080 3365 2491 3449 impositam,

577 3471 849 3536 virtutes
878 3471 1002 3536 sibi
1029 3469 1229 3547 auxit,
1259 3491 1394 3536 non
1423 3470 1683 3534 minuit.
1773 3469 2175 3535 Monachum
2212 3489 2493 3534 reserva-

579 3575 673 3640 vit
715 3575 787 3639 in
829 3596 1040 3659 opere,
1071 3575 1144 3638 in
1180 3573 1614 3639 sollicitudine
1656 3574 1753 3637 m’l
1793 3572 2073 3657 perdidit
2109 3571 2191 3637 de
2235 3572 2490 3650 abbate,

579 3681 653 3744 in
683 3679 1090 3744 observantia
1117 3678 1573 3743 mandatorum
1601 3678 1731 3742 Dei
1757 3678 2128 3761 episcopum
2157 3675 2495 3742 honoravit

580 3790 651 3847 et
680 3783 931 3848 extulit.
1020 3784 1086 3848 A
1113 3783 1399 3847 Domino
1437 3780 1685 3848 factum
1715 3789 1813 3846 est
1847 3780 2045 3860 istud,
2076 3787 2143 3845 et
2167 3787 2274 3845 est
2301 3780 2495 3845 mira-

582 3885 714 3950 bile
752 3886 823 3950 in
862 3887 1063 3951 oculis
1101 3885 1358 3951 nostris.
1446 3884 1650 3950 Novit
1688 3885 1828 3950 haec
1857 3884 2195 3949 Gallicana
2231 3883 2499 3950 ecclesia

584 3993 745 4066 tota,
776 3993 843 4051 et
886 3987 1020 4052 fere
1060 3986 1320 4067 Latina,
1350 3994 1420 4053 et
1460 3987 1735 4054 laudant
1767 3988 2264 4054 Cluniacensem
2295 3987 2496 4052 eccle·

588 4089 752 4155 siam
793 4089 867 4154 in
906 4090 1278 4174 hujusmodi
1321 4091 1474 4155 filio.
1586 4090 1727 4156 Scit
1775 4091 1899 4156 hoc
1940 4089 2380 4156 cluniacensis
2431 4094 2499 4153 et

586 4199 851 4277 propter
877 4192 1021 4272 hoc,
1050 4193 1404 4277 plurimum
1431 4193 1503 4257 in
1531 4194 1815 4260 Domino
1847 4193 2119 4259 exultat.
2208 4190 2500 4256 Audistis

582 4296 936 4376 carissime,
967 4296 1142 4383 quod
1169 4297 1241 4361 in
1278 4304 1530 4382 partem
1559 4298 1900 4363 Octaviani
1935 4298 2499 4375 declinaveramus,

591 4406 660 4465 et
689 4400 1077 4465 contmbata
1098 4407 1257 4464 sunt
1284 4401 1528 4466 viscera
1556 4407 1785 4467 vestra-
1879 4400 2009 4464 Sed
2038 4420 2172 4466 non
2198 4399 2502 4466 turbetur

584 4524 702 4568 cor
730 4510 1034 4583 vestrum,
1067 4503 1373 4587 quoniam
1401 4523 1761 4589 numquam
1790 4504 1850 4570 ei
1880 4503 2286 4571 adhaesimus.
2357 4503 2502 4570 Nec

1499 4632 1537 4673 'r
1567 4614 1610 4674 2
