3200 5392
587 851 721 893 mn.
759 832 1150 915 1161—89.]
1358 841 1716 928 ErlsronAE.
2366 833 2510 895 305:

583 966 713 1029 tari·
732 992 751 1030 2
794 969 911 1030 sua
950 968 1125 1031 enim
1168 966 1295 1030 diei
1333 966 1580 1029 malitia
1612 987 1746 1030 non
1775 966 2048 1048 sufficit:
2077 987 2136 1029 <a
2170 966 2498 1049 primitiva

583 1069 757 1134 enim
778 1068 1313 1154 persequutorum
1333 1069 1508 1133 rabie
1530 1076 1667 1132 tam
1685 1069 2080 1142 horrendum
2107 1070 2287 1133 'nefas
2307 1071 2501 1150 inau->

583 1171 794 1235 ditum
824 1181 922 1237 est
952 1173 1302 1257 perpetrari
1321 1198 1339 1235 ε
1366 1160 1598 1235 fabulis
1630 1172 1808 1236 deest
1838 1173 2046 1236 solum
2067 1179 2143 1235 ut
2165 1173 2284 1254 ‘qui
2311 1173 2492 1236 locus

581 1281 887 1358 raptore8‚
918 1277 1110 1355 fures,
1141 1275 1512 1354 homicidaS,
1544 1282 1612 1339 et
1643 1275 2124 1358 quantumlibet
2152 1276 2491 1340 sceleratos

581 1379 960 1444 inconcussa
992 1402 1147 1465 pace
1176 1388 1417 1459 tuetur,
1447 1380 1786 1444 innoxium
1815 1380 2024 1444 virum
2054 1381 2282 1443 mitem
2319 1382 2492 1464 paci-

581 1483 774 1545 ficum
800 1484 1077 1548 ecclesiae
1102 1479 1417 1548 rectorem
1446 1484 1755 1567 piaculari
1782 1483 2026 1565 flagitio
2054 1490 2489 1566 repraesentet.

585 1584 931 1668 Praesagiat
959 1586 1348 1670 praevisionis
1378 1593 1604 1649 vestrae
1643 1607 1839 1668 sagax
1868 1585 2125 1668 indag0,
2160 1585 2214 1648 si
2251 1593 2349 1649 est
2380 1585 2494 1648 do-

582 1687 696 1767 lor,
736 1690 899 1754 sicut
943 1691 1071 1768 ille,
1115 1711 1308 1772 quem
1358 1689 1495 1752 haec
1541 1689 1775 1753 furoris
1825 1689 2161 1752 mendacia
2208 1688 2496 1754 creditur.

582 1812 719 1854 esse
769 1793 1075 1876 paritura.
1166 1792 1420 1874 Quippe
1472 1792 1527 1854 si
1578 1791 1879 1855 dominus
1934 1813 2048 1855 rex
2099 1793 2314 1856 senior
2361 1793 2492 1856 fac-

579 1891 828 1957 tionem
871 1895 1040 1957 hanc
1082 1894 1394 1957 nefariam
1431 1914 1566 1971 sua,
1599 1893 1772 1975 quod
1819 1894 1998 1957 Deus
2038 1902 2303 1973 avertat,
2334 1894 2497 1958 rati4

585 1994 917 2060 habitione
947 1997 1319 2060 confirmet:
1354 1994 1525 2076 quod
1557 1996 1733 2058 enim
1761 2015 1841 2058 ex
1869 1995 2177 2059 mandato
2207 1998 2346 2081 ejus
2368 1997 2494 2061 hoc

581 2096 1010 2161 facinorosum
1049 2118 1208 2181 opus
1246 2096 1645 2180 processerit,
1678 2097 1857 2160 nefas
1888 2103 1986 2160 est
2031 2098 2298 2179 opinari.
2359 2099 2491 2161 Ve-

581 2206 950 2263 rumtamen
972 2199 1345 2263 ratihabitio
1367 2206 1776 2282 comparatur
1796 2199 2121 2278 mandato,
2142 2199 2341 2263 totius
2351 2201 2494 2263 An-

582 2302 850 2384 glicanae
885 2302 1162 2386 regionis
1192 2300 1571 2364 universitas
1614 2301 1909 2365 alterutri
1938 2301 2214 2365 duorum
2244 2300 2490 2366 incom-

579 2403 917 2468 modorum
945 2403 1326 2467 necessitate
1355 2402 1767 2467 succumbet:
1814 2411 1929 2468 aut
1965 2403 2139 2467 enim
2179 2404 2489 2468 miseran-

582 2507 681 2570 dae
716 2507 953 2571 mentis
998 2505 1421 2570 excaecatione
1464 2504 1632 2568 sedis
1679 2505 2044 2589 apostolicae
2085 2505 2490 2589 disciplinam

579 2617 645 2673 et
677 2610 1079 2674 devotionem
1109 2616 1177 2674 et
1211 2608 1648 2674 obedientiam
1678 2607 2001 2693 abjurabit
2042 2617 2156 2673 aut
2184 2608 2490 2692 irregres-

578 2713 851 2777 sibiliter
868 2712 1342 2797 dispensatione
1363 2717 1626 2776 tantum
1644 2711 1948 2776 exulabit.
1997 2711 2224 2795 Longe
2244 2712 2489 2777 etenim

576 2815 795 2878 minus
833 2816 1071 2878 malum
1121 2821 1218 2878 est
1258 2814 1735 2897 proscriptionis
1778 2814 2186 2878 incommodo
2225 2820 2294 2877 et
2336 2814 2487 2878 sub-

578 2915 834 2978 stantiae
875 2914 1077 2979 totius
1119 2920 1504 2997 tempestate
1548 2914 1829 2992 multari,
1876 2936 2072 2998 quam
2114 2922 2258 2999 post
2304 2916 2486 2998 agni·

578 3022 715 3080 tam
743 3015 1078 3081 veritatem
1105 3016 1531 3099 ignominiose
1560 3016 2010 3099 retrogradari.

759 3332 1202 3397 EPISTOLA
1246 3335 1828 3399 DIL—mnowm
1862 3355 1951 3398 An
1984 3356 2296 3400 EUNDEM.

819 3484 1184 3548 Alemandro
1199 3505 1387 3566 papoe
1413 3484 1762 3549 ladovicus
1787 3504 1903 3548 νοω
1930 3486 2233 3548 Manciae.

662 3633 804 3696 Pno
836 3632 1306 3718 archiepiscopo
1336 3633 1790 3698 cantuariensi
1834 3634 2065 3717 saepius
2094 3654 2213 3697 nos
2251 3654 2479 3717 rogare

575 3734 842 3818 dignata
892 3742 990 3798 est
1041 3736 1395 3818 paternitas
1446 3742 1675 3799 vestra.
1765 3736 1907 3799 Nos
1955 3756 2104 3799 vero
2156 3736 2210 3798 si
2261 3749 2479 3819 preces·

574 3838 974 3902 auctoritatis
1002 3846 1248 3916 vestrae,
1281 3838 1514 3902 divinae
1551 3838 1807 3922 pietatis
1846 3838 2092 3901 intuitu
2128 3842 2476 3922 praeeunte,

572 3937 1010 4003 abundantius
1059 3939 1441 4003 mandamus
1492 3939 1768 4013 effectui,
1814 3939 2205 4003 conscientia
2255 3948 2478 4005 nostra

572 4040 805 4104 exinde
845 4041 918 4105 in
960 4042 1241 4106 Domino
1286 4042 1614 4125 gloriatur.
1708 4042 1837 4105 Sed
1879 4042 2224 4106 novissime
2264 4063 2475 4108 sermo

568 4141 936 4225 divulgatus
995 4162 1068 4206 ac
1127 4142 1462 4206 celebriter
1521 4142 1792 4214 diffusus
1856 4144 1929 4207 in
1994 4164 2197 4225 regno
2222 4151 2230 4158 ’
2254 4151 2478 4207 nostro

572 4244 949 4308 scandalum
1008 4245 1354 4327 generavit.
1452 4245 1612 4309 Non
1669 4251 1767 4309 est
1827 4250 2123 4309 nostrum
2179 4255 2310 4319 v'os,
2364 4246 2475 4327 qui

570 4345 871 4411 dominus
930 4345 1103 4425 estis,
1152 4345 1659 4428 reprehendere:
1727 4367 1952 4410 verum
2013 4367 2155 4428 quae
2207 4345 2290 4412 ad
2340 4348 2473 4429 opi-

570 4449 782 4513 nionis
811 4457 1035 4513 vestrae
1078 4449 1540 4514 detrimentum
1586 4456 1873 4532 spectare
1920 4448 2260 4526 credimus,
2291 4449 2476 4518 silere'

666 4579 772 4616 Gn„
801 4580 913 4613 FOL.
962 4579 1079 4612 vot..
1104 4577 1162 4613 11,
1523 4574 1565 4614 X
