3200 5392
695 803 828 867 300
1336 821 1628 866 numum
1664 822 1722 865 11
1758 821 1957 866 arms

691 942 824 1008 tius
854 963 962 1007 eas
989 940 1362 1006 habuerunt
1391 947 1459 1006 et
1487 945 1845 1006 tenuerunt
1873 940 2010 1024 ipse
2040 945 2107 1004 et
2137 939 2257 1019 sni,
2282 946 2349 1005 et
2377 962 2601 1006 omnes

694 1045 990 1110 ecclesias
1011 1051 1078 1109 et
1110 1042 1484 1128 praebendas
1515 1042 1598 1107 ad
1629 1042 2247 1127 archiepiscopatum
2275 1043 2603 1127 pertinen-

691 1154 810 1225 tes,
831 1168 976 1230 quae
1003 1151 1338 1230 coeperunt
1366 1165 1611 1223 vacare,
1641 1150 1982 1228 postquam
2011 1143 2147 1229 ipse
2176 1145 2600 1211 cantuarien·

695 1250 779 1314 sis
810 1248 1005 1314 exivit
1033 1248 1114 1313 de
1144 1255 1335 1327 terra,
1366 1255 1442 1312 ut
1470 1247 1666 1312 faciat
1697 1246 1776 1312 de
1804 1247 1884 1312 iis
1913 1247 2081 1312 sicut
2112 1247 2191 1312 de
2222 1248 2374 1327 suis,
2409 1255 2603 1333 prout

694 1351 756 1416 ei
798 1352 1131 1437 placuerit,
1174 1349 1377 1416 reddo
1425 1350 1486 1415 ei
1537 1349 1850 1429 similiter,
1900 1350 2074 1416 salvo
2123 1350 2367 1417 honore
2416 1352 2603 1436 regni

698 1476 845 1519 mei.

772 1780 1215 1848 EPISTOLA
1259 1781 2157 1847 ccccxcvn.—musnm
2184 1802 2278 1847 an
2309 1801 2546 1848 mmm

1545 1903 1746 1949 sums.

902 2035 1214 2100 Hem-icus
1239 2054 1357 2099 γεω
1383 2034 1632 2117 Anylioe
1657 2035 1794 2117 reyi
1808 2034 1952 2117 filio
1979 2055 2091 2099 suo
2118 2037 2399 2100 salutem.

790 2189 1065 2252 Scurls
1109 2186 1282 2271 quod
1331 2186 1611 2250 Thomas
1656 2186 2140 2251 cantuariensis
2187 2187 2601 2272 archiepisco·

699 2313 822 2376 pus
863 2312 1087 2375 pacem
1132 2310 1384 2353 mecum
1427 2288 1580 2352 fecit
1625 2287 1708 2352 ad
1753 2288 2152 2352 voluntatem
2194 2310 2426 2353 meam.
2515 2291 2603 2355 Et

699 2393 846 2459 ideo
888 2393 1186 2478 praecipio
1224 2390 1397 2476 quod
1438 2391 1574 2474 ipse
1619 2397 1686 2454 et
1730 2410 1953 2455 omnes
1998 2392 2098 2455 sui
2140 2413 2365 2476 pacem
2407 2393 2601 2459 habe-

702 2501 856 2572 ant3
901 2502 967 2558 et
995 2493 1244 2559 faciatis
1272 2491 1509 2557 habere
1537 2492 1660 2577 ipsi
1689 2493 2178 2578 archiepiscopo,
2209 2502 2276 2559 et
2305 2496 2603 2561 omnibus

702 2596 853 2675 suis,
885 2596 996 2679 qui
1038 2616 1152 2679 pro
1192 2615 1268 2660 eo
1306 2596 1601 2659 exierunt
1633 2594 1714 2659 ab
1744 2596 1987 2679 Anglia
2022 2618 2126 2661 res
2166 2618 2313 2661 suas
2340 2598 2509 2664 bene
2538 2605 2605 2664 et

701 2700 774 2763 in
816 2719 992 2783 pace,
1023 2703 1090 2762 et
1132 2697 1481 2763 honorifice
1521 2698 1690 2762 sicut
1733 2698 2101 2764 habuerunt
2129 2701 2339 2766 tribus
2368 2704 2603 2767 mensi-

702 2802 825 2868 bus
864 2807 1213 2886 antequam
1253 2801 1390 2885 ipse
1429 2800 1938 2886 archiepiscopus
1978 2803 2181 2868 exiret
2221 2804 2301 2868 ab
2342 2806 2601 2889 Anglia,

703 2911 769 2969 et
808 2903 1057 2968 faciatis
1085 2903 1302 2969 venire
1330 2924 1547 2969 coram
1580 2903 1760 2969 vobis
1802 2903 1882 2969 de
1921 2906 2291 2971 melioribus
2330 2915 2396 2972 et
2437 2908 2604 2972 anti-

704 3006 1034 3091 quioribus
1063 3005 1375 3071 militibus
1404 3005 1486 3071 de
1513 3005 1760 3071 honore
1790 3007 1870 3071 de
1904 3007 2247 3088 Saltwude,
2280 3018 2345 3074 et
2381 3032 2603 3075 eorum

706 3116 1106 3174 sacramento
1144 3108 1391 3174 faciatis
1431 3111 1803 3193 recognosci
1841 3110 1996 3193 quid
2034 3111 2127 3175 ibi
2164 3111 2489 3178 habentur
2524 3113 2604 3179 de

704 3211 898 3278 feudo
934 3211 1510 3296 archiepiscopatus
1541 3212 2046 3293 Cantuariensis,
2076 3221 2143 3280 et
2173 3214 2345 3300 quod
2385 3238 2605 3301 recog-

704 3316 921 3381 nitum
968 3315 1164 3380 fuerit
1210 3315 1291 3379 de
1336 3314 1530 3381 feudo
1577 3316 1716 3399 ejus
1763 3337 1920 3394 esse,
1964 3316 2087 3401 ipsi
2136 3319 2605 3405 archiepiscopo

705 3417 943 3484 habere
983 3418 1250 3482 faciatis.
1339 3417 1530 3482 Teste
1569 3418 1857 3483 Rotrodo
1901 3419 2370 3506 archiepiscopo
2406 3423 2603 3487 Roto-

707 3520 1018 3603 magensi,
1050 3520 1223 3605 apud
1252 3520 1556 3586 Ohinum.

726 3866 1169 3932 EPISTOLA
1212 3865 2149 3935 CCCOXCVIII.—nmsm·:1u
2176 3889 2270 3934 an
2300 3889 2592 3935 'mom

1365 3988 1948 4036 cAN'rUAnmNsnm.

894 4123 1140 4187 Thomoe
1173 4121 1611 4188 Cautum-kmi
1638 4123 2094 4205 archiepiacopo
2126 4124 2438 4189 Hem-icus

1456 4244 1574 4288 rex·
1601 4224 1866 4308 Anylioe.
2159 4251 2163 4256 ’

801 4376 1075 4439 Sonus
1122 4374 1294 4459 quod
1339 4373 1590 4440 obviam
1637 4373 1813 4439 vobis
1862 4375 2345 4462 Rothomagnm
2395 4379 2612 4444 venire
