3200 5392
596 850 732 893 aa).
771 831 1169 915 1161—89.]
1269 852 1606 897 nnsrom
1638 852 1964 904 QUAEDAM.
2383 835 2510 898 213

595 963 991 1030 Francorum
1035 985 1143 1030 eas
1186 986 1266 1030 ex
1307 964 1499 1030 variis
1542 972 1611 1030 et
1648 967 1845 1050 justis
1889 968 2100 1033 causis
2145 966 2514 1034 desiderant

596 1066 981 1149 promoveri.

592 1284 1068 1372 :EPISTOLA
1109 1283 1994 1352 CCCCXLVIII.—-·AEe1n11
2029 1308 2478 1353 menomenas

1327 1406 1421 1450 An
1452 1407 1769 1451 EUNDEM.

698 1538 1065 1621 ᾼίειταηάνο
1081 1558 1269 1620 papae
1295 1537 1599 1621 AEyidius
1626 1537 2026 1602 Ebroiceneis
2054 1540 2390 1622 episcopus.

677 1689 899 1754 Cures
943 1709 1107 1754 meae
1133 1687 1487 1753 vocationis
1529 1688 1720 1751 initia
1746 1695 1976 1752 vestrae
2011 1688 2357 1755 debueram
2396 1711 2505 1774 pe-

592 1789 780 1856 dibus
822 1790 1179 1874 majestatis
1223 1789 1491 1869 advolvi,
1522 1795 1589 1854 et
1631 1789 1726 1855 ibi
1767 1790 2165 1856 infirmitatis
2199 1814 2364 1858 meae
2405 1814 2506 1858 re-

587 1892 804 1957 media
832 1911 1133 1976 quaerere,
1163 1891 1280 1955 ubi
1323 1891 1563 1955 summi
1607 1892 1858 1956 consilii
1898 1892 2166 1976 angelus
2207 1894 2507 1960 salutaris

590 1994 840 2060 consilii
866 1993 1083 2078 posuit
1112 1994 1620 2058 firmamentum.
1709 1995 1960 2058 Verum
2003 1996 2087 2060 ad
2113 1997 2254 2062 haec
2283 2003 2351 2062 et
2380 1999 2508 2063 alia

592 2095 795 2161 debiti
836 2095 1044 2160 nostri
1087 2094 1294 2159 officia
1350 2092 1730 2178 exequenda
1772 2095 2052 2178 peccatis
2099 2096 2505 2180 exigentibus

588 2198 994 2283 impedimur,
1010 2198 1292 2263 maxime
1313 2217 1465 2262 cum
1496 2197 1662 2262 citra
1688 2218 1870 2281 spem
1897 2199 2192 2263 omnium
2215 2201 2507 2284 graviora

475 2309 480 2313 ’
589 2302 778 2367 solito
807 2301 981 2385 apud
1008 2322 1128 2366 nos
1159 2307 1226 2391 et
1254 2301 1425 2366 circa
1450 2320 1571 2365 nos
1594 2300 1899 2365 scandala
1920 2301 2232 2366 oriantur.
2282 2302 2507 2369 Quum

587 2404 765 2469 enim
821 2410 968 2489 post
1034 2404 1277 2469 multos
1319 2400 1590 2468 'labores
1656 2408 1746 2467 etv
1779 2402 1983 2468 totius
2040 2403 2174 2468 fere
2221 2404 2504 2471 ecclesiae

587 2530 811 2593 graves
866 2494 1216 2587 molestias,
1264 2512 1331 2572 et
1381 2506 1563 2575 illam
1615 2505 2135 2586 sollicitudinem,
2191 2530 2387 2592 quam
2430 2509 2505 2574 in

586 2612 859 2678 sacrario
887 2612 1163 2696 pectoris
1190 2610 1387 2676 vestri
1417 2610 1600 2695 quasi
1630 2631 1889 2676 crucem
1918 2611 2243 2676 assiduam
2286 2621 2502 2697 porta-

584 2715 770 2795 batis,
800 2715 885 2779 ad
911 2735 1135 2799 pacem
1175 2712 1660 2779 cantuariensis
1704 2712 2162 2798 archiepiscopi
2206 2715 2500 2781 animum

584 2818 843 2901 gloriosi
885 2818 1054 2901 regis
1098 2817 1463 2900 Anglorum
1512 2816 1595 2881 ad
1633 2836 1857 2900 preces
1889 2823 2154 2896 vestras,
2200 2825 2268 2882 et
2307 2818 2499 2902 juxta

582 2920 777 2985 vestri
804 2920 1081 2985 formam
1121 2919 1414 2985 mandati
1454 2918 1674 2983 divina
1710 2900 2057 2984 clementia
2098 2920 2494 3002 inclinasset,

583 3028 651 3086 et
680 3021 902 3086 audita
928 3043 1086 3106 pace
1116 3021 1409 3086 omnium
1446 3021 1768 3087 bonorum
1795 3042 1981 3087 voees
2020 3023 2387 3088 exultarent
2429 3032 2496 3089 et

584 3125 799 3204 corda,
858 3131 925 3189 et
982 3125 1118 3208 ipse
1176 3121 1663 3189 cantuariensis
1727 3125 2236 3210 archiepiscopus
2301 3129 2494 3208 salvo,

586 3247 764 3305 sano,
809 3225 1211 3309 honestoque
1254 3232 1621 3291 commeatu
1668 3226 2006 3291 transisset
2050 3228 2123 3291 in
2167 3230 2494 3312 magliam,

584 3337 653 3395 et
682 3349 908 3393 omnes
934 3328 1007 3392 in
1035 3328 1319 3393 adventu
1352 3348 1470 3392 suo
1498 3347 1720 3393 vocem
1757 3328 2189 3411 jucunditatis
2234 3336 2301 3394 et
2344 3351 2495 3395 can-

583 3432 789 3497 ticum
846 3432 1372 3516 praestolarentur
1427 3429 1692 3511 laetitiae,
1745 3451 1930 3495 versa
1975 3437 2074 3496 est
2122 3431 2196 3495 in
2245 3433 2496 3498 luctum

580 3535 831 3601 cithara
888 3555 1113 3601 eorum
1162 3540 1230 3599 et
1279 3539 1534 3599 tantam
1578 3533 1776 3618 regiae
1828 3535 2189 3600 serenitatis
2239 3543 2492 3620 pertur-

578 3637 929 3717 bationem,
960 3637 1497 3720 afflictionemque
1535 3637 1968 3716 ecclesiarum,
2009 3637 2338 3722 totiusque
2378 3660 2492 3722 po-

580 3741 717 3823 puli
743 3740 879 3806 fere
918 3738 1431 3825 desperationem
1472 3738 1852 3823 accepimus,
1883 3746 1960 3803 ut
1998 3760 2133 3804 non
2170 3741 2488 3825 possimus

583 3843 858 3924 graviter
885 3864 1020 3909 non
1050 3843 1283 3909 dolere.
1375 3841 1549 3909 Quia
1586 3839 1833 3906 domini
1869 3841 2040 3925 regis
2079 3841 2324 3907 offensa
2352 3865 2486 3908 om-

582 3963 719 4022 nes,
751 3944 862 4027 qui
901 3945 1022 4009 sub
1053 3945 1295 4011 ditione
1323 3942 1465 4029 ejus
1494 3943 1781 4011 Domino
1810 3944 2230 4023 famulantur,
2263 3954 2488 4029 gravat

581 4046 823 4129 pariter
858 4053 925 4111 et
967 4047 1274 4112 offendit:
1321 4054 1388 4113 et
1430 4047 1569 4130 ipso
1619 4045 1954 4112 laborante
1998 4049 2325 4131 quiescere
2364 4070 2488 4113 nec
2525 4067 2529 4071 ’

579 4148 902 4229 volumus,
920 4169 1041 4214 nec
1070 4150 1397 4215 debemus.
1446 4149 1620 4217 Quia
1647 4170 1800 4234 ergo
1823 4151 2022 4215 semel
2045 4151 2228 4234 eoepi,
2260 4150 2487 4235 loquar

581 4251 664 4315 ad
694 4250 1028 4316 dominum
1054 4272 1294 4332 meum,
1326 4273 1528 4336 quum
1567 4253 1689 4317 sim
1717 4253 1925 4337 pulvis
1965 4259 2033 4317 et
2066 4252 2249 4317 cinis.
2339 4251 2484 4317 Me-

577 4352 860 4433 minerit,
907 4375 1141 4439 quaeso,
1180 4361 1365 4441 pater
1400 4353 1818 4435 sanctissime,
1863 4353 2209 4439 prudentia
2252 4360 2484 4434 vestra,

578 4457 751 4541 quod
796 4463 1018 4524 sancta
1057 4457 1359 4523 animalia
1400 4459 1620 4524 oculos
1657 4464 1809 4524 ante
1849 4465 1915 4524 et
1958 4463 2133 4522 retro
2176 4455 2486 4522 habentia
