3200 5392
727 785 856 847 222
1446 797 1912 841 EPISCOPORUM

725 919 898 984 hosti
949 939 1085 997 suu,
1145 937 1279 982 non
1329 915 1515 981 facile
1574 914 1865 993 dixerim,
1919 935 2003 979 ne
2060 913 2370 979 referenti
2425 920 2634 979 vestra

726 1023 1035 1087 sanctitas
1077 1020 1474 1105 indignetur,
1516 1019 1628 1083 sed
1668 1025 1917 1083 certum
1956 1023 2056 1082 est
2094 1017 2218 1081 hoc
2257 1016 2631 1082 scandalum

727 1124 934 1188 sedari
963 1145 1098 1188 non
1127 1143 1331 1206 posse,
1361 1121 1488 1186 nisi
1527 1120 1725 1185 citam
1763 1118 2184 1184 adhibueritis
2225 1119 2628 1184 medicinam.

727 1228 870 1290 Nec
901 1226 1135 1290 desunt
1165 1225 1278 1308 qui
1318 1224 1650 1302 suadeant,
1683 1230 1757 1287 ut
1800 1222 1880 1286 de
1919 1229 2151 1287 caetero
2188 1243 2325 1287 non
2365 1222 2630 1288 desistat

725 1351 841 1413 pro
881 1328 1238 1393 reverentia
1276 1333 1485 1390 vestra
1524 1314 1729 1389 suam'
1748 1334 1815 1388 et
1853 1325 2038 1408 regni
2077 1345 2421 1408 procurare
2454 1325 2627 1389 utili·
2661 1329 2673 1338 “

722 1439 948 1510 tatem,
1008 1427 1447 1494 contrahendo
1504 1448 1655 1493 cum
1713 1426 1831 1504 his,
1886 1427 2000 1510 qui
2056 1427 2331 1491 oderunt
2389 1448 2625 1491 nomen

722 1541 1027 1599 vestrum.
1116 1532 1375 1595 Placeat
1424 1530 1647 1615 itaque
1697 1530 2022 1613 majestati
2071 1537 2296 1595 vestrae
2352 1531 2423 1592 in
2473 1551 2625 1593 con-

724 1637 1099 1702 solationem
1160 1633 1405 1699 domini
1464 1633 1969 1712 Cantuariensis,
2029 1632 2227 1697 immo
2283 1632 2357 1697 in
2414 1632 2624 1697 suble-

721 1741 1045 1804 vationem
1092 1738 1373 1802 ecclesiae
1417 1736 1717 1820 mitigare
1764 1737 2054 1800 animum
2101 1737 2259 1820 ejus,
2308 1742 2375 1801 et
2424 1736 2624 1801 eccle-

724 1845 884 1907 siam
932 1841 1331 1906 Gallicanam
1377 1861 1417 1904 a
1461 1847 1650 1905 tanto
1702 1838 2002 1904 scandalo
2050 1840 2341 1905 liberare.
2431 1840 2624 1907 Quod

723 1947 950 2030 utique
995 1945 1134 2010 fieri
1184 1965 1368 2029 posse
1415 1964 1551 2007 non
1599 1943 1896 2022 arbitror,
1944 1943 2072 2007 nisi
2119 1944 2486 2009 absolvatur
2525 1945 2625 2008 in-

721 2071 980 2129 nocenS,
1035 2056 1102 2114 et
1151 2048 1387 2132 impius
1437 2047 1771 2125 vinciatur,
1825 2048 2006 2132 cujus
2056 2053 2447 2132 potestatem
2490 2051 2627 2134 jam

721 2153 1067 2218 coarctavit
1106 2151 1473 2228 altissimuS‚
1503 2158 1581 2214 ut
1621 2149 1702 2213 de
1741 2157 1972 2214 caetero
2014 2172 2149 2216 non
2189 2159 2481 2235 oporteat
2521 2175 2623 2217 ve-

718 2257 849 2321 reri
899 2256 1107 2319 minas
1157 2255 1317 2337 ejus.
1405 2252 1783 2317 Verendum
1834 2259 1952 2331 est,
2003 2274 2089 2317 ne
2140 2254 2251 2318 alii
2307 2257 2625 2338 principes

720 2361 791 2424 in
832 2359 1251 2423 destitutione
1294 2357 1573 2421 ecclesiae
1616 2357 1739 2421 hoc
1783 2359 2074 2442 exemplo
2113 2359 2345 2423 similia
2388 2382 2621 2444 praesu-

720 2467 924 2537 mant,
956 2466 1022 2523 et
1054 2458 1301 2543 quoties
1340 2480 1379 2522 a
1418 2458 1661 2522 Christi
1700 2460 2133 2524 sacerdotibus
2163 2461 2616 2544 corripiuntur,

720 2583 833 2626 ora
878 2582 1103 2626 eorum
1149 2560 1447 2624 nitantur
1497 2562 1851 2641 occludere,
1901 2571 1967 2627 et
2018 2563 2356 2628 ministerii
2408 2565 2618 2629 detra-

715 2664 870 2727 here
907 2667 1314 2745 potestatem.
1405 2663 1638 2728 Valeat
1679 2684 1929 2748 semper
1966 2671 2032 2730 et
2069 2666 2281 2749 vigeat
2311 2669 2618 2733 sanctitas

715 2773 945 2829 vestra.

623 3116 628 3121 .
767 3066 1219 3132 EPISTOLA
1264 3068 2082 3135 CCCCLIII.—musnmu
2117 3093 2209 3135 An
2245 3095 2551 3139 EUNDEM.

733 3178 738 3181 ²
1061 3220 1324 3284 Domino
1342 3240 1528 3302 papae
1557 3221 1874 3303 episcopus
1900 3222 2259 3286 Meldemis.
2338 3208 2343 3213 ’
2484 3186 2489 3193 ¹

801 3370 1015 3434 LIcnr
1055 3370 1386 3452 praesentis
1423 3370 1671 3453 negotii
1709 3370 2109 3454 magnitudO,
2150 3381 2336 3457 pater
2372 3382 2608 3453 sancte,

711 3474 1051 3538 verborum
1100 3473 1532 3556 prolixitatem
1582 3474 1803 3556 exigit,
1855 3481 2078 3539 tamen
2129 3497 2208 3540 ex
2257 3478 2608 3541 multorum

709 3576 1019 3640 relatione
1059 3582 1125 3638 et
1164 3596 1240 3638 ex
1271 3575 1521 3657 scriptis
1551 3597 1936 3659 magnorum
1965 3578 2244 3642 virorum
2275 3580 2607 3662 quamplu-

708 3678 878 3740 rium
920 3676 1002 3740 ad
1041 3697 1150 3739 vos
1184 3676 1415 3754 missis,
1445 3678 1795 3759 pretiosam
1833 3679 1904 3742 in
1944 3687 2290 3764 conspectu
2318 3682 2604 3762 Domini,

706 3779 858 3843 novi
886 3784 961 3840 ut
990 3778 1308 3842 credimus
1337 3780 1640 3862 martyris
1670 3782 2126 3867 archiepiscopi
2167 3790 2442 3848 mortem
2470 3791 2609 3850 tam

705 3879 913 3964 plenis
956 3879 1333 3960 innotuisse,
1376 3902 1511 3946 non
1555 3882 1962 3966 ambigimus.
2057 3887 2265 3969 Super
2306 3887 2429 3953 hoc
2470 3890 2611 3972 ipso

704 3983 901 4048 verbo
930 3981 1372 4048 abbreviatum
1412 3984 1590 4049 vobis
1629 3986 1929 4051 duximus
1959 3988 2346 4055 faciendum.
2439 3992 2609 4057 Prae-

704 4086 1141 4152 termittentes
1169 4085 1372 4170 igitur
1410 4087 1491 4152 de
1530 4094 1739 4153 morte
1766 4089 1938 4154 illius
1964 4092 2137 4156 tanti
2165 4092 2285 4156 viri
2317 4092 2604 4158 lacrima-

702 4190 901 4255 bilem
932 4190 1387 4269 narrationem,
1420 4191 1696 4272 qualiter
1732 4192 1802 4254 in
1843 4193 2122 4257 crastino
2161 4194 2607 4260 innocentium

703 4293 874 4356 infra
912 4299 1128 4355 actum
1166 4293 1615 4356 innocentium
1653 4292 1824 4356 inter
1862 4295 2180 4378 templum
2220 4304 2286 4361 et
2328 4298 2528 4362 altare
2568 4322 2607 4362 a

700 4394 1013 4459 ministris
1060 4394 1447 4460 Herodianae
1490 4396 1905 4474 crudelitatis,
1953 4419 2030 4463 ex
2074 4410 2395 4485 praecepto
2437 4405 2606 4487 regis
