3200 5392
517 996 651 1040 Λα).
688 973 1080 1056 1161-89.]
1182 991 1660 1035 Lonnomnnms
1690 989 2048 1034 Errs'rOLAE.
2336 972 2419 1033 25

520 1112 753 1177 timore
796 1131 916 1175 nec
961 1110 1174 1193 aliqua
1217 1110 1563 1188 coactione,
1595 1130 1853 1193 purum,
1883 1115 1959 1173 ut
1990 1107 2146 1172 dum
2190 1110 2264 1171 fit
2309 1109 2420 1172 ali-

522 1237 649 1298 qua
691 1237 847 1278 aura
889 1213 1137 1277 vanitas
1181 1234 1315 1277 non
1363 1213 1715 1291 inanescat,
1759 1212 2125 1291 discretum,
2168 1217 2242 1275 ut
2288 1234 2422 1276 non

522 1319 694 1382 ultra
735 1317 999 1381 modum
1043 1316 1370 1395 tendatur,
1416 1317 1697 1394 firmum,
1734 1323 1811 1379 ut
1853 1322 2229 1399 perseveret.
2324 1316 2421 1379 Si-

521 1422 727 1486 nistra
754 1428 973 1485 autem
1002 1420 1199 1486 habet
1228 1420 1698 1484 cheirothecam
1728 1419 2019 1483 similiter
2045 1419 2116 1482 in
2140 1420 2423 1503 quinque

522 1524 807 1588 divisam.
898 1525 1074 1588 Nam
1103 1524 1175 1586 in
1204 1523 1745 1605 contemplatione
1776 1522 2058 1606 quinque
2099 1530 2272 1601 sunt,
2305 1525 2422 1587 sci-

521 1628 671 1693 licet
712 1628 1136 1692 consideratio
1174 1627 1580 1710 peccatoruiln
1614 1635 1678 1691 et
1712 1628 2063 1706 Gehennae,
2095 1635 2423 1711 contemp-

521 1738 630 1796 tus
669 1732 1084 1815 praesentium
1115 1738 1181 1795 et
1208 1732 1596 1810 futurorum,
1630 1738 1695 1796 et
1724 1753 2019 1815 regnum,
2052 1739 2257 1795 status
2287 1753 2422 1795 cor-

522 1834 693 1918 poris
737 1842 882 1919 post
925 1834 1477 1913 resurrectionem,
1510 1841 1576 1898 et
1608 1834 1982 1918 glorificatio
2012 1833 2274 1917 spiritus
2303 1834 2423 1897 hu-

518 1938 716 2016 mani,
770 1947 834 2002 et
893 1936 1240 2016 aeternitaS,
1301 1959 1448 2001 cum
1514 1959 1642 2022 qua
1699 1936 2021 2002 uniendus
2080 1945 2197 2001 est.
2291 1938 2424 2004 Qui

518 2041 691 2105 enim
723 2040 1196 2124 contemplatur
1228 2041 1564 2124 optimum,
1597 2042 1962 2106 considerat
1998 2048 2259 2124 peccata
2288 2063 2422 2119 sua,

515 2143 728 2227 qualia
774 2151 839 2206 et
891 2149 1136 2225 quanta
1184 2144 1590 2225 perpetravit,
1639 2165 1780 2226 quae
1828 2143 2229 2207 considerare
2280 2165 2416 2208 non

522 2245 807 2308 mult-um
836 2243 1185 2327 prodesset,
1218 2243 1272 2306 si
1302 2265 1435 2307 non
1464 2265 1580 2326 pro
1610 2244 1736 2307 illis
1765 2245 1981 2328 puniri
2008 2245 2079 2309 in
2110 2245 2428 2309 Gehenna

522 2354 860 2426 metueret,
908 2353 974 2410 et
1031 2346 1174 2409 ideo
1233 2345 1730 2410 considerationi
1786 2353 2193 2430 peccatorum
2253 2354 2427 2412 recte

519 2449 897 2533 adjungitur
948 2448 1372 2513 consideratio
1423 2449 1778 2513 Gehennae.
1870 2451 2063 2528 Item,
2115 2450 2169 2513 si
2219 2452 2425 2514 consi-

520 2553 852 2618 deraretur
883 2574 1024 2635 quae
1055 2559 1122 2615 et
1152 2559 1396 2634 quanta
1425 2559 1578 2616 sunt
1619 2558 1944 2617 tormenta
1976 2553 2328 2631 Gehennae,
2360 2560 2427 2618 et

517 2657 699 2720 nulla
744 2663 1151 2739 peccatorum
1198 2656 1508 2720 memoria
1551 2655 1919 2736 haberetur,
1970 2678 2194 2721 secura
2243 2658 2426 2722 forsi-

519 2766 636 2824 tan
689 2781 872 2824 mens
919 2759 1304 2824 Gehennam
1358 2760 1811 2839 consideraret,
1859 2782 2007 2824 cum
2054 2762 2237 2825 nulla
2284 2783 2426 2826 eam

518 2863 874 2927 recordatio
911 2870 1317 2946 peccatorum
1349 2871 1732 2929 contereret.
1824 2862 1971 2928 Hac
2009 2865 2088 2928 de
2127 2887 2320 2930 causa
2355 2867 2427 2929 in

520 2973 738 3029 mente
787 2966 1313 3049 ‘contemplatoris
1364 2973 1735 3051 utrumque,
1782 2968 1851 3031 id
1903 2974 2001 3032 est
2047 2974 2311 3050 peccata
2362 2975 2427 3032 et

523 3069 839 3133 Gehenna
867 3070 1372 3153 conjunguntur,
1404 3077 1480 3134 ut
1521 3091 1599 3134 ex
1637 3077 1913 3153 utroque
1951 3080 2161 3158 terror.
2191 3071 2426 3136 incuti-

519 3181 684 3252 atur,
735 3173 845 3236 sed
895 3175 968 3237 in
1019 3181 1239 3239 mente
1291 3174 1381 3238 sic
1432 3175 1774 3257 perterrita
1825 3175 2043 3239 statim
2099 3174 2427 3240 suboritur

516 3283 928 3358 contemptus
956 3276 1395 3359 praesentium,
1427 3276 1533 3340 cui
1562 3276 1871 3360 adjuncta
1915 3285 2014 3341 est
2059 3299 2201 3361 spes
2244 3278 2426 3342 futu-

517 3399 761 3443 rorum.
872 3376 1003 3440 Sed
1062 3398 1145 3440 ne
1206 3399 1351 3459 spes
1407 3384 1695 3441 mentem
1749 3377 2126 3443 dissolutam
2177 3380 2425 3459 reddat,

520 3480 951 3563 restringatur
977 3499 1095 3563 per
1115 3478 1451 3563 judicium,
1485 3479 1637 3562 quia
1675 3479 2038 3544 considerat
2067 3481 2150 3544 ad
2180 3502 2256 3545 ea
2286 3504 2429 3565 quae

521 3584 795 3670 speravit
838 3583 1310 3648 transeundum
1355 3603 1494 3646 esse
1537 3604 1654 3665 per
1696 3582 1880 3647 illum
1925 3583 2319 3648 horrendum
2365 3593 2428 3649 et

520 3688 883 3752 districtum
916 3685 1255 3770 judicium.
1350 3685 1479 3749 Sed
1518 3692 1831 3750 terrorem
1877 3685 1956 3750 de
1993 3687 2237 3770 judicio
2276 3709 2427 3752 con-

518 3790 766 3854 solatur
794 3810 1089 3872 regnum,
1121 3795 1184 3852 et
1213 3788 1359 3852 ideo
1395 3786 1817 3871 subjunctum
1862 3794 1959 3852 est
1996 3789 2241 3873 judicio
2283 3811 2427 3873 reg-

518 3913 699 3970 num,
731 3892 802 3955 in
833 3913 961 3974 quo
990 3889 1431 3954 consideratur
1468 3911 1672 3972 regno
1714 3890 1870 3973 quid
1909 3890 2167 3969 erimus,
2199 3899 2265 3955 et
2301 3892 2428 3975 pri-

517 4016 664 4058 mus
702 4001 910 4058 status
941 3994 1221 4078 corporis
1253 3994 1423 4077 quod
1466 3993 1588 4057 erit
1628 3993 1992 4057 immortale
2032 4001 2098 4058 et
2136 3994 2429 4080 impassi-

520 4095 670 4174 bile,
703 4096 935 4161 deinde
966 4086 1342 4179 glorificatio
1374 4097 1545 4178 quod
1575 4097 1698 4160 erit
1727 4097 2072 4161 ineffabilis
2116 4099 2429 4181 pulcritu-

516 4199 705 4278 dinis,
725 4206 791 4263 et
820 4199 1294 4283 praefulgidum,
1326 4200 1493 4263 sicut
1523 4200 1834 4285 scriptum
1864 4207 1982 4280 est,
2016 4206 2036 4236 ‘
2055 4202 2430 4284 Fulgebunt

509 4302 679 4386 justi·
732 4302 899 4366 sicut
959 4303 1098 4367 sol?
1206 4303 1366 4367 Post
1417 4302 1555 4367 haec
1607 4304 2049 4368 consideratur
2093 4304 2430 4371 beatitudo

517 4405 770 4484 animae,
802 4404 1045 4469 scilicet
1086 4406 1223 4489 ipsa
1262 4405 1496 4486 anima,
1528 4413 1594 4470 et
1626 4407 1805 4471 Deus
1850 4407 1956 4472 cui
1999 4407 2268 4472 vivenda
2311 4415 2430 4487 est,

515 4508 690 4591 quod
733 4516 833 4572 est
878 4508 1200 4588 ultimum,
1233 4516 1300 4573 et
1345 4509 1816 4575 consummatio
1860 4510 2175 4574 omnium.
2270 4509 2432 4576 Haec

515 4623 733 4675 autem
780 4611 1066 4695 quinque
1116 4633 1258 4695 quae
1301 4612 1371 4689 in
1417 4613 1931 4679 consideratione
1976 4614 2433 4697 contemplavi—
