3200 5392
575 838 710 880 Aa).
749 820 1141 903 1161—89.]
1404 841 1757 887 Er1sroLAE.
2354 821 2478 882 291

573 954 948 1019 continebat
967 997 973 1001 -
993 977 1380 1039 expressum,
1429 978 1586 1039 quas
1632 956 1842 1020 adhuc
1885 977 2081 1039 penes
2125 977 2243 1020 nos
2288 955 2482 1019 habe-

573 1076 736 1135 mus,
783 1058 961 1121 missi
1003 1059 1299 1138 fuissent,
1343 1059 1508 1123 sicut
1555 1080 1672 1142 per
1718 1058 1971 1124 eosdem
2021 1047 2287 1142 legatos,
2333 1080 2482 1122 cum

575 1159 659 1222 ad
701 1181 819 1223 nos
862 1161 1322 1244 pervenissent,
1363 1161 1744 1245 accepimus,
1775 1168 2061 1245 potestas
2104 1162 2215 1226 illa
2259 1162 2339 1224 ad
2382 1161 2481 1224 in-

560 1261 805 1344 juriam
835 1270 1124 1328 nostram
1153 1265 1280 1328 illis
1310 1264 1639 1328 subtracta
1668 1272 1786 1329 est.
1843 1264 2038 1328 Unde
2068 1286 2218 1327 cum
2248 1285 2367 1328 nos
2398 1262 2480 1326 ad

570 1386 829 1429 omnem
852 1368 1174 1451 justitiam
1206 1390 1419 1433 coram
1437 1369 1548 1440 ,eis
1592 1391 1711 1433 nos
1742 1368 2141 1447 offerremus,
2173 1369 2478 1453 praefatus

570 1466 1072 1549 cantuariensis,
1107 1471 1215 1554 qui
1245 1471 1339 1535 ita
1373 1471 1593 1554 inique
1632 1479 1697 1536 et
1741 1471 2057 1536 malitiose
2097 1492 2249 1553 erga
2277 1492 2380 1534 me
2412 1491 2480 1534 se

567 1570 784 1649 habet,
817 1573 983 1637 sicut
1013 1574 1190 1638 vobis
1227 1581 1293 1639 et
1321 1574 1445 1638 toti
1482 1574 1730 1637 mundo
1766 1574 2071 1651 innotuit,
2103 1594 2317 1636 coram
2352 1574 2479 1637 illis

559 1672 830 1755 justitiae
864 1697 1087 1758 parere
1117 1676 1384 1740 omnino
1413 1677 1821 1759 contempsit.
1839 1711 1864 1732 a
1914 1675 2018 1739 Ob
2051 1676 2239 1759 cujus
2270 1675 2478 1738 defee-

565 1782 710 1839 tum
755 1777 913 1842 alios
958 1778 1256 1861 deinceps
1301 1779 1574 1842 nuncios
1622 1779 1704 1842 ad
1747 1780 2157 1862 majestatem
2199 1784 2476 1842 vestram

565 1878 1059 1956 transmisimuS,
1121 1901 1234 1963 per
1295 1900 1453 1963 quos
1510 1880 1731 1944 literas
1788 1888 2033 1944 vestras
2099 1879 2474 1962 recepimus,

568 2000 726 2062 quas
769 1987 838 2043 et
880 1980 1050 2063 ipsas
1096 1981 1306 2045 adhuc
1350 2003 1548 2064 penes
1593 2003 1712 2045 nos
1756 1981 2088 2059 habemus,
2130 1982 2198 2045 in
2243 1981 2476 2065 quibus

565 2087 805 2144 terram
834 2090 1127 2146 nostram
1168 2091 1234 2147 et
1273 2104 1577 2167 personas
1618 2084 1805 2166 regni
1841 2106 1879 2147 a
1914 2084 2162 2167 praefati
2193 2084 2475 2147 Cantua-

566 2183 798 2248 riensis
840 2192 1159 2268 potestate
1204 2186 1601 2264 eximebatis,
1649 2185 1853 2250 donec
1903 2186 2040 2269 ipse
2085 2186 2157 2248 in
2202 2185 2476 2268 gratiam

562 2293 850 2351 nostram
896 2289 1208 2353 rediisset.
1302 2288 1495 2354 Quod
1544 2310 1745 2372 quum
1792 2295 1945 2352 ante
1995 2288 2473 2351 restitutionem

562 2396 801 2455 nostrae
844 2391 1087 2475 gratiae,
1129 2392 1452 2455 nescimus
1497 2391 1578 2455 ob
1626 2412 1819 2474 quam
1864 2412 2140 2469 causam,
2171 2390 2473 2454 immuta-

560 2493 797 2572 veritis,
830 2493 985 2558 dum
1023 2495 1133 2558 alii
1165 2495 1392 2559 nuncii
1436 2494 1644 2558 nostri
1688 2495 1895 2558 adhuc
1936 2495 2009 2557 in
2054 2494 2232 2558 curia
2261 2500 2474 2565 vestra

557 2606 983 2678 morarentur,
1031 2605 1098 2663 et
1143 2603 1492 2682 antequam
1538 2598 1863 2662 novissimi
1909 2597 2107 2681 legati
2153 2598 2345 2661 vestri
2390 2597 2474 2661 ad
2540 2679 2546 2685 ¹

553 2721 673 2764 nos
711 2702 1172 2784 pervenissent,
1205 2703 1520 2766 Vivianus
1552 2708 1616 2766 et
1649 2701 2020 2780 Gratianus,
2051 2701 2187 2785 ipse
2226 2701 2297 2764 in
2325 2721 2467 2784 per-

555 2824 744 2867 sonas
782 2805 970 2888 regni
1008 2806 1233 2882 nostri,
1265 2813 1332 2870 et
1375 2805 1447 2868 in
1478 2806 1792 2888 quosdam
1834 2804 2181 2868 familiares
2226 2810 2292 2867 et
2338 2824 2466 2881 ser-

554 2906 798 2970 vientes
828 2914 1102 2985 nostrOS,
1129 2908 1240 2991 qui
1270 2908 1541 2990 singulis
1573 2907 1798 2971 diebus
1829 2906 2015 2972 nobis
2046 2906 2471 2985 adsistebant„

555 3010 1236 3074 excommunicationis
1278 3011 1670 3074 sententiam
1700 3009 2150 3093 promulgavit.
2241 3008 2463 3074 Quum

549 3131 703 3174 vero
730 3112 1224 3194 praenominatos
1255 3113 1524 3176 nuncios
1568 3112 1788 3177 debito
1817 3134 1937 3177 nos
1965 3112 2210 3177 honore
2251 3133 2461 3178 susce-

550 3213 885 3296 pissemus,
917 3215 1028 3297 qui
1056 3222 1192 3277 tam
1232 3236 1347 3297 per
1373 3215 1594 3278 literas
1624 3223 1885 3293 vestras,
1918 3236 2112 3298 quam
2142 3216 2284 3278 viva
2311 3236 2466 3279 voce

547 3314 1092 3398 protestabantur,
1125 3316 1297 3400 quod
1341 3317 1424 3381 ad
1467 3317 1776 3381 honorem
1822 3324 2122 3381 nostrum
2163 3325 2229 3380 et
2273 3318 2464 3400 regni

548 3419 753 3483 nostri
797 3419 1254 3483 exaltationem
1297 3420 1642 3497 venissent,
1688 3420 1894 3503 primo
1938 3421 2079 3484 loco
2124 3420 2204 3484 de
2249 3420 2455 3484 absol..

549 3521 772 3585 vendis
817 3521 1383 3586 excommunicatis
1426 3522 1863 3601 tractavimuS,
1912 3523 2021 3605 qui
2073 3544 2208 3586 non
2251 3523 2483 3606 solum&

546 3622 628 3687 ad
657 3630 965 3702 nostram,
989 3645 1209 3688 verum
1243 3625 1439 3689 etiam
1470 3624 1554 3688 ad
1582 3632 1863 3688 vestram
1893 3631 1961 3688 et
1992 3624 2074 3688 ad
2104 3624 2468 3700 eorundem.

543 3727 903 3810 legatorum
942 3727 1245 3812 injuriam
1289 3728 1825 3808 excommunicati
1841 3727 2260 3805 „videbantur,
2293 3726 2458 3810 petia

542 3830 828 3894 tionibus
856 3830 1002 3908 illis,
1028 3852 1185 3914 quas
1217 3852 1295 3894 ex
1324 3839 1508 3914 parte
1529 3836 1743 3894 vestra
1770 3829 1956 3894 nobis
1986 3830 2453 3914 proponebant,

544 3939 861 4014 quantum
900 3940 1286 4015 poteramus,
1319 3932 1401 3997 ob
1431 3932 1851 3997 reverentiam
1896 3939 1962 3996 et
2003 3954 2287 3997 amorem
2316 3953 2451 3996 ves-

542 4040 718 4097 trum
749 4034 858 4117 pio
887 4032 1150 4099 assensu
1179 4035 1787 4100 condescendentes,
1878 4036 2335 4119 Proponebant
2367 4035 2449 4098 si-

502 4169 507 4174 ·
544 4136 803 4220 quidem
831 4136 1035 4200 literae
1056 4144 1301 4216 vestrae,
1328 4144 1646 4221 quatenus
1677 4138 1978 4221 saepefato
2000 4137 2454 4202 cantuariensi

543 4238 978 4322 episcopatum
1021 4260 1229 4317 suum,
1259 4260 1502 4323 pacem,
1535 4247 1601 4303 et
1646 4262 1928 4304 amorem
1964 4246 2260 4303 nostrum
2306 4238 2448 4300 red-

541 4341 858 4406 deremus
947 4341 1089 4405 Nos
1122 4362 1270 4405 vero
1310 4343 1665 4426 postposito
1705 4342 1884 4408 omni
1917 4342 2160 4405 honore
2198 4347 2441 4419 nostro,

543 4443 1014 4511 communicato
1036 4444 1298 4510 consilio
1316 4445 1798 4527 Burdigalensis
1821 4452 1887 4509 et
1909 4441 2447 4526 Rothomagensis

1443 4565 1487 4611 σ
1515 4551 1556 4612 2
