3200 5392
747 757 879 821 194
1466 767 1938 813 srxscorontm

741 891 940 957 tionis
976 888 1331 954 terminum
1379 886 1554 951 diem
1596 883 2032 951 adscensionis
2076 883 2417 950 dominicae
2451 884 2659 970 desig.

741 995 1052 1074 navimus,
1083 992 1395 1076 eligentes
1425 988 1598 1073 apud
1626 1010 1738 1054 vos
1769 987 1842 1052 in
1871 1007 2084 1067 omne,
2117 988 2290 1071 quod
2332 989 2662 1055 sanctitati

741 1103 971 1164 vestrae
1011 1094 1342 1180 placuerit,
1373 1091 1723 1170 humiliari,
1756 1112 1950 1175 quam
1993 1091 2077 1155 ad
2118 1090 2424 1156 sublimes
2463 1090 2665 1156 animi

742 1202 945 1286 ipsius
989 1207 1225 1279 motus,
1256 1197 1494 1263 nostris
1536 1217 1672 1261 non
1714 1195 1785 1259 id
1828 1194 2237 1278 exigentibus
2280 1194 2550 1273 meritis,
2582 1194 2662 1258 de

741 1305 847 1370 die
881 1306 954 1369 in
983 1304 1157 1368 diem
1183 1300 1624 1367 taediosissime
1667 1297 2072 1383 praegravari.
2164 1298 2514 1363 Conservet
2562 1297 2662 1360 in-

748 1408 1193 1474 columitatem
1220 1410 1519 1481 vestram,
1552 1401 1835 1467 ecclesiae
1874 1420 2009 1465 suae
2044 1399 2118 1464 in
2150 1400 2348 1483 longa
2373 1407 2664 1484 tempora

748 1511 1175 1596 profuturam,
1236 1506 1644 1590 omnipotens
1710 1504 1912 1582 Deus,
1971 1503 2045 1566 in
2104 1501 2364 1568 Christo
2431 1502 2661 1567 dilecte

746 1619 949 1696 pater.
1167 1640 1174 1647 ·

863 1809 1309 1878 EPISTOLA
1355 1806 2428 1875 CCCCXXXVIII.—-noauunnn
2456 1823 2551 1866 An

1550 1929 1854 1975 EUNDEM.

747 2067 938 2130 Patri
979 2085 1089 2128 suo
1134 2069 1196 2127 et
1239 2063 1504 2140 domino,
1549 2080 1783 2124 summo
1814 2057 2107 2142 pontifici
2134 2057 2499 2122 Aleoeandro
2528 2058 2661 2122 An-

826 2167 1083 2250 ylicana
1112 2163 1368 2228 ecclesia
1399 2162 1680 2225 devotum
1709 2166 1771 2223 et
1800 2160 2070 2223 debitum
2100 2161 2391 2223 caritatis
2430 2166 2492 2223 et
2529 2160 2661 2223 obe-

837 2270 1083 2332 dientiae
1094 2266 1497 2349 famulatum.

838 2419 1303 2482 Sunumm‘n
1349 2420 1595 2492 vestrae,
1640 2418 1825 2497 pater
1867 2414 2237 2493 reverende,
2281 2414 2664 2492 venerande,

752 2521 995 2604 gratias
1026 2520 1372 2584 affectuose
1411 2516 1771 2597 referimus,
1804 2518 1977 2601 quod
2015 2516 2099 2582 ad
2135 2517 2519 2602 petitionem
2554 2517 2671 2582 filii

745 2623 945 2687 vestri
990 2620 1402 2699 devotissimi,
1453 2619 1828 2703 dominique
1879 2621 2087 2685 nostri
2132 2620 2546 2700 dilectissimi,
2589 2620 2666 2684 il-

746 2725 972 2789 lustris
1032 2723 1398 2807 Anglorum
1472 2723 1664 2806 regis,
1738 2722 1903 2787 filios
1974 2729 2217 2788 vestros
2288 2724 2664 2803 carissimos,
2762 2742 2781 2753 ·

748 2848 1128 2910 summeque
1174 2826 1361 2890 nobis
1406 2826 1479 2889 in
1522 2847 1619 2905 ea,
1667 2846 1810 2909 qnae
1860 2825 1944 2889 ad
1993 2847 2274 2909 praesens
2323 2832 2441 2905 est,
2499 2833 2661 2891 tem-

746 2937 1000 3014 pestate
1058 2928 1473 3007 necessarios,
1534 2928 1618 2991 ad
1680 2928 1896 3011 ipsum
1955 2929 2224 2993 curastis
2280 2927 2354 2991 in
2408 2928 2664 3011 longin-

750 3054 879 3116 qua
918 3031 1396 3096 transmittere:
1444 3030 1808 3113 affectuque
1850 3036 2122 3114 paterno
2169 3030 2525 3097 eorundem
2566 3032 2660 3096 la-

747 3135 1034 3215 boribus,
1110 3133 1353 3200 nostris
1424 3155 1705 3218 parcere,
1767 3139 1834 3199 et
1887 3134 2389 3217 'gravaminibus
2445 3141 2667 3215 nostra

745 3238 850 3323 pie
909 3238 1282 3322 gravamina
1340 3237 1693 3301 sublevare.
1816 3236 2155 3303 Habentes
2199 3238 2438 3323 'itaque
2510 3237 2659 3323 mit,-

745 3342 915 3406 tenti
981 3342 1240 3424 gratias,
1299 3340 1527 3404 missos
1587 3338 1834 3403 honore
1893 3339 2132 3419 debito,
2197 3345 2465 3424 totaque
2524 3360 2659 3404 cor-

751 3443 934 3508 dium
963 3444 1291 3509 alacritate
1322 3441 1738 3526 suscepimus,
1770 3447 2100 3526 sperantes
2129 3463 2352 3508 eorum
2379 3441 2662 3506 adventu

747 3548 945 3612 finem
989 3548 1176 3611 malis
1223 3546 1336 3609 diu
1368 3548 1505 3631 jam
1544 3548 1885 3630 protractis
1924 3547 2210 3631 imponi:
2257 3554 2325 3612 et
2355 3556 2500 3631 quae'
2525 3553 2662 3612 tur-

746 3649 904 3714 bata
931 3655 1088 3713 sunt
1116 3648 1291 3732 apud
1317 3670 1438 3713 nos
1477 3649 1550 3712 in
1585 3650 1762 3733 pacis
1789 3649 2081 3734 pristinae
2109 3650 2527 3715 serenitatem
2556 3671 2657 3714 co-

748 3757 1057 3835 operante
1101 3751 1312 3833 gratia
1351 3752 1707 3816 reformari.
1798 3753 1968 3817 Inde
2010 3758 2110 3817 est
2149 3752 2324 3837 quod
2362 3752 2475 3832 eis,
2514 3758 2658 3818 tan-

748 3873 943 3937 quam
979 3851 1306 3937 judicibus
1349 3853 1432 3918 ad
1476 3854 1600 3918 hoc
1648 3877 1688 3919 a
1734 3856 2076 3920 sanctitate
2119 3862 2332 3920 vestra
2376 3855 2656 3931 directis,

745 3962 1038 4021 nostram
1081 3977 1217 4020 una
1264 3977 1416 4021 cum
1461 3957 1726 4023 domino
1771 3964 1996 4023 nostro
2046 3979 2201 4042 rege
2252 3958 2660 4042 praesentiam

744 4064 1112 4125 reverenter
1161 4058 1586 4139 exhibuimus,
1643 4066 1941 4144 optantes
1992 4060 2237 4144 pariter
2286 4070 2354 4126 et
2406 4081 2662 4144 exspec-

744 4170 962 4228 tantes
1008 4160 1245 4242 omnia,
1293 4183 1438 4246 quae
1482 4162 1655 4227 inter
1708 4163 2046 4229 dominum
2096 4169 2396 4228 nostrum
2441 4183 2662 4247 regem

748 4273 816 4332 et
874 4266 1211 4332 dominum
1272 4264 1828 4346 cantuariensem,
1891 4287 2162 4350 quaeque
2219 4267 2394 4331 inter
2449 4266 2664 4351 ipsum

745 4375 1090 4435 vertuntur
1140 4374 1209 4434 et
1257 4389 1397 4448 nos,
1447 4368 1521 4434 in
1573 4388 1797 4435 eorum
1848 4373 2194 4454 praesentia
2242 4369 2461 4454 palam
2505 4368 2660 4445 fieri,
