3200 5392
749 814 881 879 310
1531 827 1857 877 Anonnn

751 953 818 1014 et
846 968 966 1013 nos
994 946 1077 1012 de
1104 952 1317 1012 vestro
1346 951 1524 1012 statu
1549 947 1742 1012 faciat
1773 945 2110 1011 certiores:
2155 944 2347 1011 latori
2375 967 2655 1031 praesen-

751 1051 921 1115 tium
949 1048 1337 1128 Theobaldo,
1367 1048 1715 1114 venerabili
1743 1048 1941 1133 priori
1970 1047 2428 1132 Crispiacensis
2457 1049 2658 1114 eccle-

752 1155 862 1221 siae
902 1153 1196 1219 dedimus
1237 1154 1310 1218 in
1352 1152 1695 1232 mandatis,
1731 1158 1809 1217 ut
1851 1153 2249 1236 imperialem
2290 1153 2479 1218 adeat
2520 1174 2657 1217 ma-

744 1257 1052 1344 jestatem
1097 1262 1165 1322 et
1211 1256 1294 1321 ad
1342 1256 1652 1321 thronum
1698 1255 2095 1321 celsitudinis
2138 1261 2367 1320 vestrae
2413 1262 2658 1320 secreta

752 1361 1050 1443 perferat,
1096 1379 1240 1443 quse
1284 1358 1500 1442 potius
1536 1357 1689 1422 fidei
1734 1359 1873 1443 ejus
1918 1379 2112 1441 quam
2156 1357 2360 1422 literis
2408 1357 2657 1422 censui-

752 1484 898 1526 mus
925 1460 1372 1545 imprimenda.
1461 1461 1582 1525 Est
1613 1460 1788 1526 enim
1815 1460 1912 1525 vir
1938 1459 2143 1524 literis
2174 1459 2486 1538 eruditus,
2517 1480 2654 1523 mo-

755 1586 904 1629 rum
948 1562 1292 1628 sanctitate
1336 1563 1738 1647 conspicuus,
1779 1562 2067 1647 praeclari
2107 1561 2407 1640 nominis,
2438 1567 2505 1625 et
2539 1582 2657 1625 no-

751 1666 852 1732 bis
895 1665 1243 1731 admodum
1283 1666 1635 1730 familiaris.
1726 1665 1921 1731 Unde
1963 1687 2097 1750 prae
2137 1665 2381 1731 caeteris
2425 1665 2537 1747 qui
2581 1664 2657 1728 in

752 1769 978 1834 ordine
1007 1789 1124 1834 suo
1152 1768 1421 1853 perfecti
1447 1768 1875 1848 habebantur,
1907 1769 2148 1833 electus
2186 1775 2281 1832 est
2315 1787 2655 1851 procurare

752 1871 1165 1935 necessitates
1223 1870 1505 1935 ecclesiae
1562 1870 2025 1950 Cluniacensis,
2074 1891 2218 1955 quae
2273 1892 2408 1935 non
2463 1869 2658 1934 modo

753 1972 1289 2038 monasteriorum
1336 1973 1523 2056 regni
1571 1973 1781 2038 nostri
1832 1979 2025 2056 caput
2075 1972 2291 2038 extitit
2343 1995 2383 2037 a
2432 1971 2659 2037 diebus

756 2075 1060 2159 antiquis,
1097 2075 1210 2139 sed
1251 2074 1322 2139 in
1365 2080 1506 2139 toto
1549 2072 1705 2138 orbe
1748 2073 1987 2138 Latino
2030 2072 2403 2137 monasticae
2444 2072 2657 2156 religi-

755 2178 897 2243 onis
939 2197 1072 2261 prae
1110 2177 1357 2242 caeteris
1394 2174 1696 2240 omnibus
1736 2174 2019 2241 obtinuit
2063 2175 2352 2259 gloriam.
2443 2176 2659 2259 Impe-

758 2280 1064 2345 ratoriam
1120 2299 1276 2363 ergo
1323 2278 1731 2344 clementiam
1789 2279 2227 2362 imploramus,
2278 2284 2355 2342 ut
2400 2283 2660 2342 tantum

754 2382 962 2446 virum
988 2383 1418 2447 condecenter
1444 2381 1770 2460 admittat,
1800 2380 1996 2445 verba
2023 2388 2246 2446 nostra
2275 2402 2417 2465 quae
2448 2381 2658 2465 posui-

755 2506 902 2549 mus
940 2485 1011 2548 in
1056 2506 1164 2549 ore
1209 2486 1367 2569 ejus,
1414 2484 1637 2549 audiat
1677 2484 2020 2568 diligenter
2057 2492 2124 2548 et
2167 2483 2658 2547 misericorditer

755 2586 1057 2651 exaudiat
1078 2607 1297 2670 preces
1328 2587 1464 2671 ejus
1494 2594 1562 2653 et
1589 2587 1887 2671 respiciat
1917 2586 2196 2651 ecclesiae
2225 2583 2654 2652 necessitates.

852 2884 1297 2952 EPISTOLA
1341 2886 2002 2951 mnu—mmmm
2036 2906 2127 2949 An
2160 2905 2584 2950 WILLELMUM

1435 3009 1668 3053 nnorm
1701 3009 1983 3053 smum.

753 3136 1102 3202 ladovicus
1121 3140 1242 3203 Dei
1262 3141 1480 3220 ,qratia
1507 3160 1625 3205 νεα·
1645 3140 2025 3204 Francorum
2053 3140 2288 3203 illustri
2314 3140 2449 3221 reyi
2483 3139 2658 3203 Sicu-

842 3242 1040 3306 lorum
1075 3242 1377 3307 Wllelmo
1404 3243 1740 3307 venerabili
1765 3241 1980 3324 fratri
2008 3248 2069 3306 et
2099 3243 2296 3307 amico
2324 3261 2435 3305 suo
2465 3244 2659 3305 caris-

842 3344 1017 3423 sime,
1047 3347 1306 3410 salutem
1335 3352 1396 3410 et
1433 3348 1491 3410 ei
1509 3346 1757 3428 jugiter
1784 3345 2099 3410 adkaerere
2127 3347 2234 3429 qui
2263 3345 2375 3410 dat
2402 3347 2661 3409 salutem

842 3448 1107 3531 reyibus.

846 3597 1120 3678 Honon,
1182 3620 1374 3682 quem
1430 3598 1617 3664 nobis
1674 3598 2054 3681 magnificus
2114 3619 2266 3662 avus
2322 3601 2529 3661 vester
2585 3596 2659 3661 in

757 3699 1064 3785 obsequio
1114 3703 1239 3766 Dei
1287 3701 1850 3786 peregrinantibus
1901 3700 2228 3766 exhibuit:
2292 3698 2659 3779 liberalitas,

760 3824 956 3886 quam
998 3804 1071 3867 in
1113 3826 1232 3869 nos
1279 3811 1347 3868 et
1393 3804 2020 3888 comperegrinantes
2067 3803 2391 3883 exercuit3
2437 3824 2661 3869 conso-

758 3904 916 3969 latio
953 3906 1307 3989 multiplex,
1340 3927 1535 3990 quam
1576 3907 1760 3972 fessis
1801 3913 1871 3972 et
1912 3906 2356 3973 laborantibus
2394 3907 2663 3973 devotus

757 4007 1095 4091 impendit,
1128 4030 1167 4072 a
1209 4008 1520 4074 memoria
1559 4016 1784 4075 nostra
1824 4009 2120 4075 recedere
2164 4016 2516 4094 nequeunt,
2549 4010 2664 4074 sed

760 4110 1050 4175 animum
1093 4117 1387 4176 nostrum
1431 4111 1870 4177 indesinenter
1913 4112 2297 4177 accendunt.
2387 4111 2663 4177 Utinam

758 4213 1029 4295 devotio,
1058 4235 1255 4298 quam
1291 4214 1604 4279 habemus
1647 4215 1732 4279 ad
1768 4236 1900 4294 vos,
1930 4215 2130 4298 possit
2170 4214 2379 4299 operis
2419 4215 2663 4279 exhibi-

757 4316 936 4381 tione
962 4317 1324 4397 clarescere,
1357 4324 1423 4382 et
1462 4318 1729 4382 effectus
1766 4317 1984 4382 meriti
2023 4317 2443 4401 conspicuum
2480 4317 2663 4381 testi-

756 4418 1048 4484 monium
1090 4419 1319 4486 reddat
1364 4420 1625 4485 affectui
1667 4419 2093 4503 promerendi.
2186 4418 2454 4484 Gratius
2485 4417 2661 4484 enim
