3200 5392
539 909 676 952 Λα).
712 886 1108 969 uel-89]
1212 904 1545 948 sms‘mLAE
1579 904 1903 954 QUAEDAM.
2319 886 2448 948 223

543 1030 646 1094 sui
684 1050 752 1093 se
791 1029 864 1092 in
903 1026 1219 1108 sanguine
1259 1026 1399 1109 ejus
1440 1024 1715 1108 grassari
1752 1045 1967 1088 coram
1998 1026 2176 1089 omni
2212 1027 2450 1110 populo

542 1128 1073 1215 protestantibus,
1103 1127 1186 1191 ad
1231 1127 1396 1191 solas
1438 1147 1657 1209 preces
1700 1126 1981 1191 maxima
2016 1135 2293 1212 urgente
2336 1150 2449 1191 ne-

543 1233 842 1298 cessitate
872 1230 1320 1296 convertimur.
1389 1229 1692 1292 Vestram
1722 1228 1942 1312 itaque
1972 1231 2448 1313 paternitatem,

543 1336 709 1398 sicut
756 1334 956 1411 decet,
999 1332 1189 1398 altius
1233 1339 1486 1396 moveat
1531 1332 1795 1416 sanguis
1839 1332 2102 1398 alterius
2139 1334 2327 1414 Abel,
2368 1337 2448 1401 ab

542 1435 945 1519 iniquissimo
977 1435 1140 1509 Cain
1168 1434 1410 1518 injuste
1439 1434 1702 1513 effusus,
1734 1435 1843 1518 qui
1885 1435 1965 1500 de
2004 1439 2450 1504 transmarinis

544 1537 914 1621 regionibus
959 1537 1048 1601 ad
1084 1558 1190 1602 vos
1235 1537 1509 1601 clamare
1552 1558 1687 1601 non
1731 1544 1957 1603 cessat.
2049 1540 2313 1605 Moveat
2340 1563 2452 1606 vos

545 1642 741 1705 etiam
782 1641 983 1705 totius
1024 1640 1301 1705 ecclesiae
1336 1640 1697 1703 communis
1738 1640 1935 1719 dolor,
1972 1649 2038 1706 et
2079 1644 2451 1727 conquestio

544 1742 944 1821 miserabilis,
1006 1750 1072 1807 et
1130 1742 1486 1825 periculum
1544 1741 1913 1806 imminens,
2020 1744 2284 1812 Moveat
2341 1768 2452 1811 vos

546 1846 731 1929 regni
776 1842 1174 1910 Francorum
1224 1844 1440 1907 subita
1488 1845 1907 1927 perturbatio,
1957 1853 2022 1910 et
2073 1869 2265 1931 super
2314 1849 2453 1914 haec

550 1949 767 2011 omnia
807 1967 986 2010 amor
1015 1945 1140 2010 Dei
1181 1953 1245 2009 et
1288 1947 1462 2008 zelus
1494 1946 1787 2029 justitiae,
1820 1969 1947 2031 quo
1984 1949 2056 2013 in
2093 1957 2279 2015 tanto
2319 1973 2452 2016 sce-

549 2049 699 2113 leris
765 2054 1025 2112 auctore
1098 2068 1232 2110 non
1303 2047 1649 2110 minimum
1718 2049 2126 2115 exardescere
2184 2052 2451 2118 debetis.

553 2154 806 2217 Vestrae
871 2150 1072 2234 igitur
1138 2149 1484 2228 sanctitati,
1547 2158 1791 2232 quanto
1851 2173 2190 2235 possumus
2247 2154 2456 2219 cordis

554 2255 810 2332 affectu,
857 2253 1307 2337 supplicamus,
1353 2260 1428 2316 ut
1476 2254 1888 2333 sententiam,
1938 2275 1977 2317 a
2028 2254 2289 2320 domino
2344 2256 2456 2320 Se-

554 2357 829 2422 nonensi
874 2355 1140 2420 consilio
1185 2354 1670 2438 provincialium
1718 2356 2158 2440 episcoporum
2200 2365 2267 2422 et
2302 2381 2456 2442 quo-

551 2451 831 2523 rundam
876 2455 1205 2535 abbatum,
1252 2478 1506 2521 necnon
1550 2457 1748 2521 etiam
1789 2460 2262 2544 quamplurium
2306 2484 2457 2546 pru-

557 2562 851 2626 dentium
899 2566 965 2625 et
1016 2560 1459 2643 religiosorum
1504 2560 1880 2638 clericorum
1922 2563 1993 2627 in
2036 2572 2275 2630 terram
2321 2567 2460 2651 ejus

558 2656 964 2729 cismarinam
996 2665 1188 2748 juxta
1225 2663 1607 2727 mandatum
1641 2672 1925 2729 vestrum
1962 2668 2458 2752 promulgatam,

557 2775 767 2832 ratam
810 2765 1102 2831 habeatis
1147 2772 1213 2830 et
1258 2766 1526 2830 firmiter
1568 2765 1889 2832 observari
1932 2770 2346 2854 praecipiatis:
2395 2777 2462 2834 et

560 2870 732 2954 quod
770 2869 850 2934 ab
891 2869 1031 2951 ipso
1069 2867 1207 2931 fieri
1245 2889 1379 2931 non
1418 2869 1653 2952 potuit,
1683 2891 1793 2933 vos
1832 2871 1936 2935 cui
1976 2873 2312 2955 plenitudo
2351 2895 2461 2955 po-

558 2971 810 3036 testatis
841 2970 1074 3036 collata
1110 2975 1228 3047 est,
1260 2970 1554 3054 supplere
1593 2992 1728 3035 non
1770 2972 2099 3054 differatis,
2132 2983 2198 3040 et
2241 2983 2318 3040 ut
2361 2983 2463 3060 ty-

560 3096 804 3138 rannus
854 3074 963 3137 ille
1005 3072 1160 3136 talia
1204 3095 1336 3136 non
1380 3082 1673 3138 exerceat
1717 3075 1856 3140 sine
1901 3077 2314 3143 damnatione
2331 3105 2350 3157 ς
2398 3086 2465 3143 et

562 3197 766 3238 novus
811 3181 1057 3257 martyr
1098 3194 1232 3237 non
1276 3174 1614 3239 fraudetur
1658 3175 1876 3241 debita
1918 3178 2323 3258 exaltatione,
2368 3181 2464 3265 ip-

562 3298 708 3339 sum
760 3282 827 3339 et
876 3282 1081 3338 totam
1127 3280 1367 3338 terram
1413 3276 1551 3358 ejus
1597 3279 2096 3342 transmarinam
2142 3282 2465 3344 ecclesias-

563 3380 709 3443 ticae
760 3397 1048 3443 censurae
1097 3383 1397 3460 potenter
1454 3377 1824 3461 subjiciatis.
1918 3381 2214 3446 Seniores
2272 3383 2466 3449 etiam

562 3481 784 3565 populi
829 3503 868 3544 a
908 3477 1139 3563 quibus
1184 3499 1439 3561 egressa
1481 3487 1578 3544 est
1621 3480 1948 3564 iniquitas,
1980 3482 2304 3568 episcopos
2351 3485 2467 3550 sci·-

561 3585 715 3651 licet
754 3582 1002 3667 pridem
1046 3603 1124 3645 ex
1162 3589 1345 3665 parte
1385 3581 1743 3663 damnatos,
1775 3580 1954 3650 nullo
1980 3585 2173 3649 modo
2208 3594 2468 3670 praeter-

565 3686 876 3764 mittatis;
922 3684 1262 3767 vigilantes
1291 3705 1376 3749 ne
1407 3685 1669 3768 spiritus
1699 3687 2017 3752 mendacii
2046 3695 2112 3752 et
2140 3688 2469 3752 humilitas

566 3789 846 3872 palliata,
897 3809 1010 3851 seu
1068 3787 1264 3852 etiam
1322 3786 1693 3852 frivolarum
1752 3796 1963 3854 terror
2011 3791 2354 3870 minarum,
2405 3799 2471 3855 et

567 3892 732 3966 falsa
756 3891 1020 3974 periculi
1048 3891 1307 3975 majoris
1336 3891 1786 3976 interpretatio
1815 3894 1886 3957 in
1914 3895 2174 3959 tramite
2202 3896 2472 3978 justitiae

569 3995 979 4080 prudentiam
1036 4003 1317 4060 vestram
1381 3997 1791 4080 aliquatenus
1857 3999 2051 4062 faciat
2127 3999 2468 4065 declinare.

572 4098 807 4161 Valeat
837 4096 1142 4161 sanctitas
1171 4105 1398 4163 vestra.
