3200 5392
559 919 691 963 Am.
730 900 1125 984 nel—89]
1224 918 1555 963 EPIs'roLAE
1589 901 1912 969 QuAEnA-i'f.
2329 900 2457 964 257

552 1054 709 1103 nere
737 1061 870 1103 non
898 1038 1189 1123 possetis,
1219 1036 1333 1101 ubi
1377 1058 1456 1101 ex
1500 1058 1683 1119 aequo
1713 1035 2205 1114 contenderetiS,
2237 1056 2461 1100 verum

554 1140 626 1204 in
683 1141 984 1225 petitorio
1040 1140 1407 1205 timendum
1456 1138 1637 1203 vobis
1687 1145 1874 1217 esset,
1928 1144 1994 1203 et
2046 1138 2191 1202 dolo
2241 1145 2467 1222 petere·

553 1244 826 1324 videtur,
874 1244 986 1328 qui
1043 1243 1111 1307 id
1169 1241 1334 1329 petit
1386 1241 1557 1325 quod
1610 1241 1828 1306 statim
1880 1242 2296 1305 restituturus
2343 1249 2457 1305 est.

553 1344 758 1411 Plane
799 1348 1093 1431 spoliatio
1133 1347 1272 1411 sine
1304 1346 1549 1430 judicio
1578 1346 1751 1409 facta
1776 1345 2255 1410 restitutionem
2285 1344 2463 1409 vobis

553 1449 909 1532 pollicetur.
998 1450 1248 1515 Auctor
1304 1470 1454 1513 vero
1513 1448 1898 1526 donationis,
1954 1455 2068 1512 aut
2125 1453 2201 1512 ut
2252 1448 2464 1512 verius

553 1550 765 1615 dicam
822 1551 1229 1630 venditionis,
1285 1571 1552 1629 causam
1609 1551 2018 1635 proprietatis
2085 1572 2221 1615 non
2288 1558 2463 1615 recte

551 1654 863 1719 tuebitur.
952 1656 1246 1719 Verbum
1288 1674 1543 1737 quoque
1588 1654 1670 1717 ad
1713 1659 1918 1717 terras
1965 1654 2054 1718 H.
2088 1654 2168 1718 de
2197 1656 2464 1723 Essexia

556 1759 858 1840 pertinet,
909 1757 1028 1821 sub
1081 1756 1592 1821 dissimulatione
1644 1757 1960 1840 tantisper
2010 1758 2462 1840 praetermitta-

553 1868 698 1924 tur:
746 1882 1116 1944 quanquam
1145 1859 1549 1924 manifestius
1588 1859 1679 1925 ibi
1723 1859 2070 1944 injurietur
2095 1883 2207 1925 rex
2238 1862 2464 1927 adver·-

557 1984 664 2026 sus
709 1984 838 2026 vos.
932 1961 1063 2025 Sed
1107 1961 1348 2046 injuria
1391 1962 1531 2026 haec
1581 1963 1787 2045 magis
1841 1961 1922 2025 ad
1973 1964 2212 2046 regalia
2255 1971 2467 2028 vestra

556 2064 837 2147 respicit,
893 2085 1085 2147 quam
1141 2062 1224 2127 ad
1274 2063 1714 2128 ecclesiasticae
1763 2064 2079 2128 libertatis
2131 2066 2465 2130 diminuti-

557 2186 770 2246 onem,
822 2188 942 2250 pro
995 2165 1182 2250 cujus
1240 2187 1416 2230 nunc
1473 2166 1744 2229 exulatis
1805 2154 2196 2231 defensione.
2287 2168 2469 2232 Illud

557 2289 711 2334 vero
745 2270 927 2333 nulla
963 2269 1216 2333 ratione
1256 2267 1658 2333 dissimulare
1700 2268 2018 2352 poteritiS,
2048 2269 2205 2353 quin
2245 2270 2471 2334 statim

559 2373 644 2438 ab
685 2372 875 2437 initio
918 2371 1223 2455 repetatis
1266 2393 1413 2455 quae
1456 2370 1634 2435 vobis
1679 2372 1896 2435 ablata
1938 2378 2112 2451 sunt,
2147 2378 2218 2435 et
2262 2373 2471 2437 multo

558 2475 786 2541 fortius
824 2497 966 2559 quae
1008 2474 1298 2558 personis
1335 2475 1614 2538 maxime
1652 2474 2100 2540 ecclesiasticis
2140 2474 2468 2540 vobiscum

555 2580 985 2655 exulantibus,
1031 2585 1168 2642 tam
1210 2577 1569 2642 cismarinis
1611 2600 1805 2661 quam
1849 2578 2293 2642 transmarinis
2338 2579 2467 2643 vio-

557 2685 769 2748 lenter
826 2690 981 2746 sunt
1040 2682 1360 2765 adempta,
1415 2702 1690 2764 quarum
1741 2682 2117 2746 innocentia
2168 2682 2469 2750 omnibus

558 2793 716 2851 nota
759 2792 856 2849 est
902 2792 968 2850 et
1014 2806 1274 2848 causam
1312 2791 1591 2848 vestram
1632 2804 1766 2847 non
1807 2806 2036 2867 parum
2074 2785 2466 2868 justificavit.

560 2889 647 2953 In
683 2888 807 2952 hoc
846 2887 1126 2970 capitulo
1165 2887 1331 2950 nihil
1369 2886 1844 2969 indulgendum
1884 2894 2049 2970 puto
2075 2888 2279 2951 etiam·
2304 2895 2465 2952 tem-

558 2991 734 3075 poris
776 2989 1058 3054 malitiae.
1148 2990 1233 3053 In
1279 2989 1449 3053 hanc
1493 2988 1816 3054 rationem
1862 2990 2035 3053 cadit
2082 2995 2149 3053 et
2199 2991 2473 3073 pecunia

560 3094 673 3156 illa
724 3115 918 3175 quam
975 3098 1121 3176 post
1179 3113 1509 3174 egressum
1559 3099 1848 3156 vestrum
1899 3114 1938 3156 a
1987 3092 2470 3176 fidejussoribus

561 3196 787 3260 vestris
829 3195 1121 3259 extorsit.
1210 3195 1399 3258 Inter
1443 3216 1602 3277 quos
1651 3195 1989 3260 dominum
2040 3196 2470 3261 salesberien-

563 3320 699 3363 sem
741 3298 812 3361 in
855 3304 1115 3361 tantum
1145 3318 1573 3380 praegravasse
1604 3296 1859 3376 dicitur,
1890 3304 1969 3361 ut
1997 3319 2121 3361 nec
2148 3319 2279 3362 uno
2308 3298 2470 3362 bove

561 3401 754 3466 hodie
805 3392 1165 3465 dominium
1217 3390 1498 3464 ecclesiae
1553 3397 2051 3464 Saresberiensis
2103 3401 2467 3464 extollatur.

563 3504 784 3590 Hujus
841 3503 1108 3587 capituli
1180 3503 1253 3566 in
1323 3502 1526 3567 literis
1584 3502 1811 3567 vestris
1869 3525 2004 3568 non
2062 3503 2468 3569 meministis.

563 3609 739 3674 Illud
792 3629 1047 3693 quoque
1098 3606 1530 3673 omittendum
1576 3627 1712 3671 non
1762 3612 1882 3686 est,
1933 3607 2091 3691 quin
2139 3607 2470 3671 ecclesiam

563 3712 1099 3778 Cantuariensem
1140 3710 1211 3773 in
1256 3730 1333 3774 eo
1377 3715 1553 3773 statu
1596 3709 1972 3773 libertatum
2020 3729 2282 3773 suarum
2329 3731 2477 3792 per·

563 3812 935 3881 mansuram
985 3813 1394 3892 concedatur,
1441 3811 1514 3875 in
1561 3834 1689 3896 quo
1734 3833 1844 3877 vos
1894 3833 2039 3876 eam
2086 3813 2472 3895 suscepistis,

568 3920 855 4002 quamvis
905 3918 1193 3982 clausula
1240 3917 1393 3982 haec-
1430 3915 1709 4000 speciem
1765 3915 2123 3980 honestatis
2180 3915 2250 3978 in
2308 3916 2472 3980 facie

567 4023 910 4088 hominum
965 4020 1172 4104 magis
1229 4019 1567 4105 praeferat:
1634 4041 1827 4103 quam
1880 4019 2120 4102 aliquid
2170 4020 2477 4085 utilitatis

568 4122 748 4190 vobis
777 4123 1064 4188 conferat
1107 4131 1174 4186 et
1218 4122 1337 4186 sub
1369 4123 1644 4188 obtentu
1679 4122 1951 4206 justitiae
1988 4122 2182 4205 litigii
2223 4143 2475 4204 semper

569 4250 833 4296 causam
877 4247 1013 4291 non
1058 4220 1363 4311 praecidat
1410 4226 1523 4291 sed
1570 4228 1858 4292 inducat.
1949 4224 2033 4290 In
2078 4247 2332 4290 summa
2379 4226 2473 4288 di-

569 4354 717 4398 cam
762 4330 934 4415 quod
979 4330 1209 4395 sentio.
1302 4330 1373 4393 Si
1414 4330 1553 4394 haec
1595 4336 1664 4394 et
1707 4330 1834 4395 alia
1877 4351 2021 4414 quae
2063 4328 2477 4393 discussionis

573 4429 1024 4501 necessitatem
1054 4434 1307 4517 exigere
1345 4434 1648 4498 videntur
1684 4434 1859 4498 inter
1898 4455 2007 4497 vos
2045 4430 2311 4500 tractari
2348 4452 2475 4495 coe-

573 4540 809 4626 perint,
854 4537 1213 4620 intelligere
1257 4559 1391 4604 non
1433 4560 1714 4621 possum,
1746 4536 2067 4621 quomodo
2112 4542 2298 4601 tanta
2342 4535 2476 4599 aui-

655 4667 768 4704 (³111.
795 4667 908 4703 1⁷01..
954 4666 1073 4702 VOL.
1097 4666 1156 4701 11.
1529 4663 1556 4703 S
