3200 5392
775 767 906 830 284
1418 783 1711 828 nantuel
1747 784 1804 826 11
1839 783 2039 829 naols

773 899 1056 965 nominis
1111 899 1336 978 nostri,
1389 883 1461 964 et'
1515 898 1795 978 honoris,
1849 906 1916 964 et
1972 900 2161 983 regni
2219 903 2677 972 aestimabimus

772 1003 1128 1082 inimicum,
1160 1010 1227 1067 et
1264 1024 1385 1067 nos
1424 1002 1557 1067 vita
1594 1002 1829 1067 comite
1868 1001 2264 1086 dignitatum
2304 1014 2370 1071 et
2410 1029 2675 1076 consue-

772 1105 1079 1171 tudinum
1118 1105 1306 1188 regni
1342 1104 1550 1169 nostri
1588 1104 2086 1170 diminutionem
2124 1109 2496 1175 nullatenus
2540 1134 2675 1177 sus-

771 1210 1144 1289 tinebimus,
1193 1229 1350 1293 quas
1408 1208 1689 1272 illustres
1747 1208 1866 1271 viri
1921 1209 2415 1293 praedecessores
2472 1216 2677 1280 nostri

771 1312 1161 1391 habuerunt,
1192 1318 1258 1376 et
1300 1316 1655 1376 tenuerunt
1698 1312 2096 1396 temporibus
2141 1322 2509 1381 sanctorum
2546 1320 2675 1383 Ro-

772 1438 1113 1482 manorum
1170 1415 1569 1499 pontificum.
1661 1415 1765 1479 De
1821 1421 2072 1495 caetero,
2122 1419 2288 1501 quod
2348 1421 2675 1488 mandavit

770 1543 888 1606 per
925 1542 1036 1586 vos
1077 1519 1266 1584 nobis
1308 1519 1792 1597 insinuandum,
1822 1538 1908 1584 ne
1950 1521 2190 1586 scilicet
2229 1523 2543 1602 ecclesias,
2573 1526 2686 1589 vel‘

770 1645 1075 1709 personas
1114 1621 1570 1687 ecclesiasticas
1609 1623 1795 1706 regni
1834 1629 1901 1687 et
1938 1629 2128 1688 terrae
2168 1632 2407 1689 nostroe
2451 1647 2671 1709 grava-

769 1747 1008 1805 remus,
1037 1725 1139 1791 vel
1178 1724 1426 1807 gravari
1463 1724 2005 1809 permitteremus,
2048 1727 2225 1792 Deus
2263 1727 2450 1793 nobis
2488 1729 2673 1794 testis

771 1835 890 1908 est,
922 1836 989 1893 et
1017 1849 1197 1893 mera
1224 1826 1636 1907 conscientia,
1660 1827 1832 1912 quod
1860 1827 1930 1892 id
1959 1849 2163 1913 usque
2190 1831 2263 1895 in
2290 1830 2671 1897 hodiernum

771 1932 944 1997 diem
972 1952 1094 1998 nec
1121 1952 1163 1996 a
1188 1931 1377 1996 nobis
1406 1937 1626 1995 actum
1655 1937 1773 2010 est,
1804 1952 1927 1996 nec
1953 1932 2358 2016 permissum.

806 2306 1259 2373 EPISTOLA
1302 2305 2262 2372 CCCCLXXXV.—nsusnnu
2295 2330 2387 2373 An
2420 2333 2627 2376 ΑΒΒΑ-

1347 2431 1486 2474 τΕΜ
1520 2430 2086 2476 clsrnacmnsnu.

1013 2578 1324 2641 Hem-icus
1350 2598 1468 2641 νεα»
1494 2579 1740 2660 Anyliae
1769 2579 1980 2643 abbati
2014 2581 2427 2646 cisterciensi.

855 2746 1155 2812 QUANDO
1186 2744 1486 2811 dominus
1514 2745 1883 2810 Willelmus
1912 2746 2245 2831 Papiensis
2284 2754 2351 2812 et
2389 2770 2499 2814 vos
2527 2771 2670 2814 nos-

765 2855 937 2914 tram
988 2850 1160 2934 apud
1212 2848 1695 2931 Rothomagum
1747 2848 1994 2914 adiistis
2045 2851 2473 2934 praesentiam,
2523 2874 2672 2917 con-

766 2953 978 3036 questi
1029 2973 1252 3017 sumus
1298 2952 1498 3030 vobis,
1549 2951 1724 3036 quod
1775 2951 2036 3035 quidam
2086 2954 2386 3019 monachi
2433 2954 2674 3019 ordinis

764 3056 979 3134 vestri,
1026 3077 1184 3139 quos
1242 3056 1315 3119 in
1373 3061 1549 3119 terra
1603 3060 1830 3119 nostra
1877 3061 2114 3137 praeter
2157 3055 2557 3122 voluntatem
2608 3064 2674 3123 et

765 3180 1098 3223 assensum
1143 3158 1435 3223 omnium
1481 3156 1617 3222 fere
1662 3155 1981 3221 baronum
2030 3163 2096 3222 et
2142 3156 2482 3224 hominum
2528 3183 2672 3225 nos-

762 3268 1016 3327 trorum
1053 3284 1203 3327 cum
1244 3262 1423 3327 omni
1465 3261 1710 3325 honore
1748 3267 1818 3325 et
1856 3261 2216 3326 reverentia
2244 3284 2447 3328 manu
2485 3270 2672 3328 tenu-

764 3388 1020 3431 eramus
1062 3367 1400 3444 hactenus,
1447 3372 1512 3429 et
1556 3385 2096 3448 promoveramus,
2144 3365 2439 3448 quaedam
2479 3368 2673 3431 verba

763 3477 831 3535 et
879 3470 1187 3534 mandata
1237 3468 1745 3533 adversariorum
1797 3472 2165 3532 nostrorum
2226 3469 2671 3533 amaritudinis

762 3572 957 3656 plena
998 3572 1185 3637 nobis
1230 3570 1627 3648 deferebant,
1660 3576 1726 3634 et
1770 3569 2063 3654 quaedam
2108 3570 2438 3635 discordiae
2481 3571 2668 3636 semi-

761 3677 964 3754 naria,
1011 3682 1077 3739 et
1127 3676 1259 3752 irae,
1305 3682 1370 3739 et
1415 3674 1547 3738 odii
1589 3673 1931 3752 incentiva,
1978 3694 2117 3757 quae
2161 3695 2201 3736 a
2245 3673 2425 3737 nullo
2467 3676 2671 3757 probo

760 3777 897 3841 viro
942 3777 1158 3859 aliquo
1203 3774 1395 3839 modo
1443 3782 1660 3840 essent
1706 3776 2107 3859 proferenda.
2197 3774 2503 3841 Promisit
2546 3779 2670 3842 ita-

761 3899 889 3963 que
930 3876 1116 3941 nobis
1163 3878 1421 3942 dilectio
1464 3885 1694 3957 vestra,
1728 3879 1901 3963 quod
1943 3880 2107 3944 illud
2149 3880 2572 3965 corrigeretis,
2604 3890 2670 3947 et

761 3981 1109 4048 monachos
1160 3989 1402 4047 vestros
1455 4005 1495 4047 a
1543 3982 1775 4047 talium
1833 3984 2289 4049 mandatorum
2350 3986 2670 4051 delatione

762 4086 1156 4153 coerceretis.
1264 4086 1421 4151 Post
1480 4086 1970 4170 promissionem
2027 4108 2177 4151 vero
2236 4088 2415 4153 illam
2465 4089 2669 4169 ⁴abbas

758 4198 969 4257 vester
1013 4190 1093 4255 de
1130 4189 1498 4274 Criscampo
1542 4189 1856 4274 scriptum
1891 4189 2214 4273 quoddam
2244 4191 2528 4271 Thomae,
2560 4192 2672 4276 qui

758 4294 886 4359 fuit
914 4293 1330 4358 cancellarius
1369 4296 1609 4370 noster,
1642 4314 1717 4355 ex
1746 4298 1929 4376 parte
1958 4292 2249 4377 ejusdem
2278 4294 2467 4358 nobis
2496 4302 2669 4359 attu-

758 4396 857 4475 lit,
889 4401 954 4460 et
991 4417 1100 4460 ore
1140 4416 1256 4461 suo
1294 4394 1476 4480 legit,
1506 4394 1578 4457 in
1611 4417 1736 4479 quo
1776 4417 1893 4460 nos
1936 4395 2250 4479 arguebat
2292 4402 2359 4461 et
2400 4397 2480 4462 de
2521 4398 2669 4462 fidei
