3200 5392
733 803 866 867 296
1376 819 1669 865 unium
1705 820 1763 864 11
1799 821 1998 866 anon

728 935 975 1002 tentius
1018 941 1086 1000 et
1130 933 1356 1000 devote
1400 934 1757 1019 expostulo,
1803 934 2109 1019 quatinus
2152 935 2432 1020 negotiis
2477 936 2639 1003 mei·

732 1060 1053 1105 summam
1096 1059 1356 1123 operam
1400 1045 1468 1103 et
1511 1037 1917 1121 diligentiam
1961 1036 2340 1119 adhibeatis,
2385 1047 2452 1105 et
2494 1040 2639 1126 paci

731 1148 798 1206 et
843 1140 1200 1207 defensioni
1245 1141 1433 1225 regni
1477 1141 1608 1205 mei
1653 1161 1772 1224 pro
1817 1140 2126 1205 facultate
2172 1148 2385 1207 vestra
2429 1145 2636 1228 provi-

731 1243 882 1309 dere
926 1242 1257 1309 studeatis.
1347 1242 1538 1308 'Peste
1585 1240 1672 1306 H.
1722 1241 2060 1308 Baiocensi
2103 1244 2419 1329 episcope,
2465 1245 2636 1330 apud

732 1346 1005 1411 Chivill’.

769 1645 1210 1713 EPISTOLA
1257 1645 2134 1712 CCCCXCIIL—nmentn
2167 1667 2258 1709 An
2289 1665 2597 1713 numeru.

940 1797 1253 1862 Hem-icus
1278 1817 1396 1861 rex
1422 1797 1669 1879 Anylioe
1703 1796 1981 1862 ailberto
2010 1797 2423 1861 Londoniemi

1524 1900 1827 1980 episcopo.

808 2050 1075 2115 Aun1v1
1123 2069 1489 2134 gravamen,
1536 2048 1710 2132 quod
1752 2047 1862 2113 ille
1904 2048 2184 2113 Thomas
2231 2049 2521 2132 proditor
2562 2056 2629 2115 et

722 2152 1116 2218 adversarius
1155 2172 1339 2218 meus
1384 2151 1611 2215 intulit
1655 2151 1728 2214 in
1765 2155 1855 2229 te,
1891 2157 1959 2215 et
2004 2151 2074 2215 in
2122 2149 2280 2215 aliae
2324 2172 2629 2236 personas

718 2255 904 2340 regni
953 2254 1101 2334 mei,
1155 2252 1328 2338 quod
1371 2274 1508 2318 non
1552 2252 1771 2316 minue
1820 2273 1989 2336 aegre
2039 2252 2176 2317 fero
2226 2251 2309 2318 de
2353 2274 2630 2338 persona

719 2365 854 2439 tua,
908 2379 1103 2443 quam
1161 2357 1216 2421 si
1272 2355 1342 2421 in
1400 2376 1613 2421 meam
1671 2356 1996 2440 propriam
2052 2376 2393 2440 personam
2451 2357 2625 2421 virus

719 2482 911 2525 auum
961 2460 1362 2526 evomuisset.
1451 2459 1541 2523 Et
1597 2457 1745 2523 ideo
1801 2480 1921 2543 pro
1978 2465 2155 2524 certo
2215 2459 2399 2536 scias,
2450 2458 2625 2544 quod

717 2583 838 2648 ego
881 2583 1141 2628 omnem
1183 2582 1442 2646 operam
1486 2561 1674 2640 dabo,
1719 2582 1835 2645 per
1878 2561 2214 2626 dominum
2257 2582 2511 2647 papam,
2556 2569 2623 2628 et

716 2686 832 2750 per
871 2685 1091 2749 regem
1135 2664 1550 2743 Francorum,
1597 2671 1665 2730 et
1707 2684 1823 2748 per
1866 2684 2090 2729 omnes
2142 2664 2381 2729 amieos
2425 2686 2623 2744 meos,

718 2766 891 2853 quod
925 2767 1006 2833 de
1043 2772 1274 2832 oaetero
1317 2788 1452 2832 non
1492 2766 1680 2833 nobie
1721 2787 1845 2831 nec
1886 2787 2089 2849 regno
2129 2774 2355 2832 nostro
2392 2788 2623 2832 nocere

714 2870 971 2956 poterit.
1078 2870 1274 2936 Unde
1330 2869 1473 2935 volo
1530 2877 1597 2936 et
1655 2869 1940 2949 consulo,
1994 2870 2166 2954 quod
2223 2876 2301 2934 tu
2356 2869 2622 2934 interim

714 2973 895 3037 nullo
937 2971 1130 3037 modo
1170 2972 1243 3036 in
1286 2973 1504 3037 animo
1529 2973 1664 3043 'tuo
1705 2970 2005 3049 turberis,
2037 2970 2151 3035 sed
2192 2970 2316 3035 tibi
2353 2970 2620 3035 viriliter

712 3075 1061 3160 provideas,
1091 3080 1315 3139 utrum
1358 3074 1565 3158 magis
1608 3073 1732 3138 tibi
1775 3079 1842 3137 et
1885 3073 2047 3136 mihi
2090 3072 2404 3157 expediat,
2449 3073 2619 3157 quod

712 3178 796 3242 ad
838 3198 944 3242 me
985 3178 1057 3242 in
1101 3177 1576 3243 Normanniam
1620 3176 1857 3255 veniae,
1904 3175 2004 3240 vel
2049 3175 2221 3258 quod
2263 3175 2336 3239 in
2378 3175 2621 3261 Anglia

709 3301 1061 3347 remaneas.
1154 3280 1302 3345 Hoc
1352 3280 1525 3344 enim
1577 3286 1795 3344 totum
1844 3285 1977 3343 tuae
2023 3278 2360 3343 committo
2409 3278 2617 3362 dispo-

710 3383 948 3463 sitioni,
979 3404 1096 3467 pro
1134 3388 1312 3448 certo
1342 3382 1641 3460 sciturus,
1675 3377 1848 3464 quod
1892 3379 1947 3443 ei
1991 3377 2074 3442 ad
2116 3400 2222 3443 me
2250 3379 2518 3458 veneria,
2550 3386 2617 3444 et

711 3486 989 3550 Romam
1044 3484 1221 3549 adire
1271 3483 1566 3563 voluerint,
1621 3482 1842 3549 omnia
1895 3481 2258 3546 necessaria
2315 3480 2397 3545 ad
2445 3480 2615 3544 viam

709 3587 790 3672 de
839 3609 985 3654 meo
1036 3586 1157 3652 tibi
1202 3585 1670 3652 honorabiliter
1716 3591 1784 3650 et
1829 3583 2219 3648 sufficienter
2266 3580 2610 3647 inveniam.

709 3675 900 3755 'Peste
946 3690 1028 3755 G.
1079 3738 1094 3754 .
1145 3738 1160 3755 .
1211 3737 1227 3755 .
1271 3689 1519 3782 Cierico
1561 3688 1736 3773 apud
1780 3688 1849 3752 S.
1874 3686 2284 3752 Macharium
2326 3683 2398 3749 in
2445 3682 2612 3749 Gas-

705 3791 908 3857 conia.
