3200 5392
728 748 815 811 46
1370 765 1684 808 omnnium
1713 765 2000 808 nrlscolu

728 893 930 950 tatem
982 892 1259 949 vestram
1319 905 1801 948 commonemus
1852 885 1923 947 in
1976 884 2279 963 Domino,
2329 885 2633 967 quatinus

739 988 851 1072 [ad
892 988 1104 1071 repar]
1119 989 1400 1051 ationem
1442 987 1722 1051 ecclesiae
1768 985 1942 1050 beati
1991 987 2229 1066 Ivonis,
2271 994 2337 1051 et
2378 988 2460 1051 ad
2507 987 2631 1051 ref-

739 1091 1121 1175 [iciendum]
1173 1090 1460 1174 ejusdem
1504 1091 1669 1154 villae
1711 1096 1977 1173 pontem
2021 1096 2088 1154 et
2132 1090 2477 1169 calcedam,
2517 1090 2633 1154 ubi

730 1195 827 1259 dis
840 1194 1168 1279 [junctus]
1220 1193 1569 1257 admodum
1610 1199 1708 1256 est
1752 1192 2254 1257 commeantium
2299 1194 2633 1271 transitus,

730 1298 810 1362 de
868 1297 1092 1382 [facul]
1106 1296 1350 1360 tatibus
1397 1296 1623 1360 vestris
1676 1295 1933 1380 aliquod
1986 1296 2296 1360 auxilium
2349 1295 2633 1359 confera-

727 1400 832 1479 tis,
878 1408 943 1464 et
999 1399 1243 1483 [Deum
1286 1399 1384 1482 in]
1442 1398 1682 1463 sanctis
1728 1399 1861 1462 suis
1904 1399 2304 1476 honorando,
2351 1397 2633 1462 divinam

726 1501 906 1566 vobis
967 1501 1299 1585 [gratiam]
1363 1509 1429 1565 et
1487 1508 1898 1585 peccatorum
1956 1501 2210 1565 veniam
2269 1502 2633 1584 acquiratis.

729 1604 1048 1668 Omnibus
1077 1625 1227 1669 vero
1268 1604 1409 1687 [qui
1443 1604 1525 1668 ad
1563 1605 1723 1687 prae]
1736 1610 2030 1668 taxatum
2074 1626 2234 1687 opus
2280 1604 2521 1688 aliquid
2551 1605 2632 1670 ob

729 1708 943 1773 Deum
1001 1707 1220 1771 hortat
1259 1755 1273 1769 .
1319 1754 1332 1769 .
1376 1755 1394 1770 .
1438 1755 1455 1770 .
1496 1707 1909 1786 contulerint,
1962 1707 2043 1770 de
2094 1707 2361 1771 Domini
2411 1706 2633 1771 confisi

726 1808 1176 1888 misericordia,
1231 1809 1310 1873 de
1359 1811 1431 1873 in
1444 1809 1732 1893 [juncta]
1792 1810 1915 1874 sibi
1966 1809 2368 1893 poenitentia,
2413 1809 2634 1874 decem

728 1912 864 1976 dies
897 1912 1279 1991 relaxamus,
1321 1912 1442 1997 [et]
1483 1912 1804 1977 bonorum
1848 1912 2142 1977 omnium
2186 1934 2329 1995 quae
2370 1912 2443 1975 in
2484 1934 2631 1977 nos-

725 2022 831 2079 tra
871 2016 1042 2080 fiunt
1085 2015 1352 2080 ecclesia
1406 2015 1500 2096 [et
1544 2015 1739 2100 orati]
1752 2037 1953 2081 onum
2004 2014 2343 2100 participes
2394 2015 2628 2081 consti-

728 2119 994 2183 tuimus.
1055 2118 1307 2183 Valete.

1051 2416 1494 2480 EPISTOLA
1539 2415 2037 2480 cccxv—An
2074 2462 2293 2478 .....

814 2570 1139 2633 Novmu'r
1170 2569 1426 2633 dilectio
1456 2574 1666 2633 vestra
1694 2569 2036 2646 carissime,
2067 2590 2172 2632 me
2215 2568 2287 2632 in
2329 2552 2628 2635 omnibus

726 2681 938 2738 vestro
968 2679 1299 2757 gratanter
1327 2674 1691 2758 pariturum
1721 2673 1994 2753 servitio,
2027 2679 2092 2738 et
2123 2674 2176 2737 si
2217 2674 2430 2758 [quid]
2464 2675 2627 2739 forte

725 2777 1114 2856 immineret,
1182 2776 1510 2859 sponsioni
1581 2797 1815 2859 respon
1826 2776 2033 2859 [debit
2093 2777 2201 2861 de]
2215 2783 2363 2841 vota
2419 2779 2628 2861 operis

728 2880 1059 2944 exhibitio.

1030 3180 1479 3246 EPISTOLA
1524 3180 2059 3246 cccxvi—AD
2095 3230 2316 3246 .....

814 3335 920 3398 ΒΕ
952 3333 1356 3417 benignitate
1385 3340 1595 3398 vestra
1635 3333 1830 3399 simul
1868 3339 1934 3396 et
1975 3332 2317 3397 dilectione
2345 3334 2628 3418 paterni-

726 3436 849 3500 tati
876 3444 1104 3501 vestrae
1139 3458 1256 3518 pro
1293 3437 1496 3500 latore
1523 3435 1939 3518 praesentium
1969 3435 2058 3499 N.
2089 3457 2203 3518 pre
2217 3436 2348 3519 [ces
2377 3435 2497 3519 hu]
2509 3436 2630 3499 mi-

726 3539 820 3602 les
870 3544 937 3601 et
990 3537 1250 3601 devotas
1306 3537 1711 3620 porrigimus,
1761 3537 2049 3619 impense
2099 3559 2218 3621 rog
2231 3538 2494 3623 [antes,]
2552 3545 2630 3603 ut

727 3662 878 3704 eum
907 3661 1122 3704 amore
1152 3639 1277 3703 Dei
1312 3648 1378 3704 et
1417 3640 1500 3704 ob
1529 3639 1955 3711 reverentiam
1983 3640 2159 3705 beati
2192 3689 2207 3704 .
2244 3689 2258 3705 .
2294 3689 2310 3703 .
2346 3690 2361 3706 .
2393 3648 2630 3706 nostrae

728 3742 783 3806 si
823 3743 1034 3826 placet
1077 3742 1281 3826 precis
1323 3743 1569 3807 intuitu
1613 3742 1896 3826 benigne
1941 3766 1970 3806 s
1984 3744 2338 3827 [uscipiatis
2370 3744 2463 3828 et]
2503 3745 2627 3808 cle-

726 3853 980 3910 menter
1008 3846 1384 3910 exaudiatis.
1477 3846 1805 3930 Quicquid
1844 3853 2066 3911 autem
2101 3846 2170 3911 in
2211 3847 2449 3931 oc[ulis
2487 3868 2624 3911 ves-

725 3946 871 4029 tris]
913 3947 1138 4030 gratiae
1181 3955 1247 4012 et
1294 3949 1714 4032 benignitatis
1758 3950 2024 4029 invenit,
2069 3949 2256 4015 nobis
2298 3950 2627 4015 indultum

736 4050 1101 4135 [reputetis]
1117 4098 1132 4114 .
