3200 5392
13 78 3195 402 s..........,...‚

566 868 705 912 Aa).
744 849 1136 931 1161-89,]
1322 867 1678 936 Erls'roLAE.
2335 852 2467 917 30⁷

565 985 872 1069 quoniam
919 985 995 1049 in
1051 989 1348 1050 sanctum
1395 984 1522 1048 Dei
1571 984 1913 1067 insurgens
1964 985 2353 1068 malignitas)
2396 985 2469 1051 in

562 1087 874 1171 pupillam
904 1088 1146 1152 Christi
1176 1086 1463 1171 gladium
1492 1086 1723 1164 infixit,
1756 1093 1821 1151 et
1860 1087 2190 1152 lucernam
2221 1088 2465 1152 Cantuq-

564 1190 828 1254 ariensis
868 1190 1168 1268 ecclesiae,
1208 1210 1343 1252 non
1386 1195 1522 1253 tam
1566 1189 1911 1253 crudeliter
1951 1212 2143 1274 quam
2187 1191 2466 1273 turpiter

553 1292 894 1376 jugulavit.
980 1292 1318 1357 Excitetur
1346 1292 1675 1375 exquisitae
1705 1313 1909 1375 genus
1937 1293 2228 1376 justitiae,
2260 1293 2461 1358 denu-

562 1394 752 1458 detur
780 1394 1030 1478 gladius
1060 1394 1237 1458 Petri
1263 1395 1336 1457 in
1363 1394 1680 1458 ultionem
1710 1394 2193 1459 Cantuariensis
2220 1401 2462 1479 marty-

557 1497 666 1576 ris,
700 1497 851 1580 quia
889 1498 1149 1580 sanguis
1189 1498 1326 1580 ejus
1366 1518 1483 1580 pro
1520 1496 1865 1560 universali
1906 1498 2141 1562 clamat
2176 1496 2460 1574 ecclesia,

557 1620 692 1662 non
728 1605 864 1662 tam
904 1599 1044 1678 sibi,
1077 1621 1271 1682 quam
1300 1600 1614 1669 universae
1643 1599 1924 1663 ecclesiae
1953 1620 2348 1682 conquerens
2380 1599 2460 1664 de

555 1701 857 1766 vindicta.
946 1701 1035 1765 Et
1077 1724 1221 1766 ecce
1266 1701 1350 1765 ad
1391 1702 1720 1765 tumulum
1759 1701 2087 1785 agonistae,
2117 1709 2194 1765 ut
2222 1703 2458 1766 revela-

553 1810 700 1869 tum
744 1811 841 1868 est
884 1805 1091 1883 nobis,
1134 1805 1346 1867 divina
1387 1803 1458 1868 in
1501 1804 1826 1868 miraculis
1869 1806 2188 1868 revelatur
2231 1804 2457 1888 gratia,

556 1909 623 1968 et
654 1904 958 1968 divinitus
1000 1904 1496 1981 demonstratur,
1527 1903 1644 1966 ubi
1680 1905 2057 1969 humanitus
2096 1906 2459 1989 requiescit,

554 2027 672 2089 pro
709 2006 895 2089 cujus
935 2007 1197 2070 nomine
1239 2006 1608 2069 decertavit.
1697 2006 1967 2070 Latores
1996 2029 2145 2072 vero
2183 2030 2459 2091 praesen-

554 2108 724 2172 tium
766 2114 949 2192 patre
992 2108 1202 2173 orbati
1244 2115 1468 2172 vestrae
1511 2108 1738 2191 pietati
1783 2109 2013 2172 seriem
2054 2101 2471 2189 indicabunt]

554 2217 621 2276 et
667 2211 1038 2275 testimonio
1081 2211 1367 2276 veritatis
1414 2231 1637 2274 aurem
1684 2210 2090 2275 mitissimam
2137 2212 2457 2291 adhibete,

554 2321 621 2377 et
659 2320 798 2378 tam
837 2314 917 2378 de
955 2314 1079 2379 isto
1118 2314 1399 2398 negotio,
1432 2335 1626 2396 quam
1659 2313 1738 2377 de
1769 2314 1927 2394 aliis,
1959 2315 2113 2399 ipsis
2146 2322 2458 2399 tanquam

551 2417 740 2481 nobis
769 2417 1029 2482 credite.

721 2838 1166 2905 EPISTOLA
1210 2805 1798 2904 mve-msnffl
1831 2860 1923 2904 ,ω
1956 2861 2270 2904 nonum.

779 2990 1080 3053 Ludovici
1109 3008 1238 3071 req.
1269 2989 1376 3052 Fr.
1409 2988 1498 3051 ad
1519 2990 1951 3053 Alexandrum
1965 3010 2227 3072 papam.

634 3139 956 3202 Pornsms
1004 3137 1284 3202 recolere
1330 3137 1482 3221 quia
1524 3159 1643 3221 pro
1690 3138 1953 3202 domino
2000 3137 2454 3203 cantuariensi

544 3260 665 3304 nos
706 3239 955 3322 rogavit
999 3238 1305 3303 sanctitas
1344 3245 1554 3302 vestra
1597 3245 1665 3303 et
1710 3238 1949 3321 gratias
1993 3239 2148 3321 egit.
2235 3239 2451 3303 Nove-

543 3339 684 3404 ritis
729 3340 784 3403 si
825 3340 898 3403 in
941 3360 1017 3405 eo
1059 3360 1195 3404 non
1236 3338 1646 3403 remansisset
1686 3339 1860 3422 quod
1904 3340 2049 3422 plus
2088 3339 2350 3405 honoris
2384 3345 2451 3406 et

541 3440 964 3506 humanitatis
1020 3442 1144 3525 ipsi
1199 3440 1572 3524 impendere
1625 3441 1766 3505 seni
1814 3442 2022 3526 parati
2079 3442 2323 3510 fuimus
2381 3449 2449 3508 et

539 3545 819 3610 libenter
852 3543 1384 3628 impendissemus
1429 3550 1494 3607 et
1539 3543 1752 3608 adhuc
1787 3564 1942 3627 erga
1984 3565 2135 3609 eum
2168 3544 2241 3609 in
2267 3545 2450 3609 nullo

538 3648 893 3714 remittitur
930 3647 1123 3712 modo
1158 3652 1379 3710 noster
1409 3645 1683 3710 animus.
1773 3647 1975 3711 Porro
2011 3646 2178 3711 sicut
2215 3667 2332 3731 pro
2372 3668 2449 3711 eo

538 3759 780 3818 vestras
826 3750 1171 3814 habuimus
1215 3769 1455 3833 preces,
1504 3755 1745 3814 sanctae
1789 3750 2167 3833 paternitati
2216 3755 2445 3814 vestrae

537 3854 914 3937 propensius
972 3852 1401 3937 supplicamus
1467 3857 1545 3915 ut
1617 3851 1756 3935 ejus
1828 3851 2316 3916 tribulationem
2379 3857 2446 3915 et

538 3971 903 4036 pressuram
945 3974 1140 4036 quam
1183 3952 1460 4018 sustinet
1503 3973 1623 4036 pro
1666 3953 1934 4018 ecclesia
1978 3954 2294 4033 Romana,
2340 3974 2448 4017 cu-

14 3997 27 4196 J
533 4056 641 4137 jus
681 4061 780 4120 est
816 4054 1223 4119 fidelissimus
1267 4061 1334 4119 et
1377 4060 1607 4119 vestrae
1646 4054 2093 4120 devotissimus
2136 4075 2446 4139 personae,

537 4158 610 4221 in
655 4156 849 4222 corde
892 4162 1105 4222 vestro
1154 4155 1465 4222 habeatis.
1548 4153 1773 4221 *Nobis
1821 4163 2042 4221 antem
2092 4156 2452 4222 notificavit

536 4260 612 4324 in
661 4263 977 4343 quantum
1028 4258 1239 4341 gratia
1284 4262 1495 4326 vestra
1541 4258 1801 4323 nunciis
1853 4257 1985 4323 suis
2038 4257 2340 4337 adfuerit,
2384 4264 2452 4322 et

537 4382 654 4445 pro
693 4362 817 4426 hoc
859 4360 999 4445 ipso
1041 4359 1292 4444 agimus
1332 4359 1727 4425 excellentiae
1761 4366 1989 4425 vestrae
2028 4360 2258 4444 pietati
2294 4359 2451 4424 ube·-

535 4485 639 4529 res
669 4463 943 4549 gratias:
989 4483 1245 4545 magnae
1274 4467 1493 4529 autem
1520 4461 1986 4528 benevolentiae
2014 4460 2271 4527 vinculo
2299 4482 2454 4546 erga

14 4569 37 4624 V
1412 4585 1456 4628 x
1484 4567 1529 4629 2
