3200 5392
571 876 710 921 A.n.
746 854 1140 938 1161—89.]
1350 872 1705 919 nr1sro12AE.
2338 817 2466 919 315

560 992 690 1056 bus
720 993 1001 1056 ecclesiae
1029 990 1353 1070 membris,
1377 1009 1456 1055 ac
1481 990 1619 1054 sine
1648 989 1832 1074 cujus
1860 988 2125 1054 consilio
2147 995 2214 1053 et
2235 990 2472 1055 auxilio

569 1101 707 1159 tam
755 1096 1030 1159 arduum
1072 1102 1334 1177 tamque
1375 1093 1809 1158 necessarium
1848 1092 2187 1175 negotium
2233 1093 2472 1157 saluta-

568 1218 707 1262 rem
760 1198 1060 1262 effectum
1112 1197 1327 1261 sortiri
1373 1217 1497 1261 nec
1542 1195 1734 1260 debet
1783 1215 1906 1259 nec
1949 1202 2182 1279 potest,
2228 1195 2285 1259 si
2331 1196 2473 1259 fieri

568 1308 802 1385 posset,
842 1322 958 1386 pro
1002 1299 1410 1364 reformanda
1454 1297 1707 1362 unitate
1753 1298 2052 1378 ecclesiae,
2098 1299 2295 1363 etiam
2340 1305 2474 1362 tuae

569 1425 858 1487 personae
900 1404 1261 1468 sublimitas
1299 1403 1600 1467 insudare
1638 1402 1921 1467 deberet.
2015 1404 2143 1468 Sed
2174 1404 2324 1487 quia
2350 1405 2473 1469 hoc

564 1507 816 1590 jamdiu
845 1506 1258 1571 desiderabile
1286 1514 1510 1574 votum
1539 1512 1834 1570 nostrum
1864 1507 2234 1571 necessariae
2264 1528 2472 1571 causae

570 1610 991 1695 praepediunt,
1038 1609 1446 1674 dilectionem
1488 1615 1674 1673 tuam
1720 1609 1927 1674 modis
1971 1609 2207 1695 quibus
2251 1632 2472 1694 possu-

568 1733 716 1776 mus
760 1720 1087 1777 exoratam
1132 1733 1270 1777 esse
1313 1712 1627 1795 cupimus,
1666 1712 1968 1794 quatinus
2008 1713 2089 1777 de
2126 1713 2475 1777 venerabili

566 1799 838 1897 collegio
878 1815 1321 1898 episcoporum
1352 1813 1540 1896 regni
1565 1814 1668 1877 tui
1707 1821 1774 1878 et
1814 1814 2143 1893 abbatum,
2175 1815 2473 1879 aliorum-

571 1938 697 1999 que
761 1916 1261 1980 orthodoxorum
1320 1936 1595 1998 quorum
1665 1915 1978 1999 sapientia
2034 1926 2101 1980 et
2165 1917 2477 2002 religione

570 2018 936 2101 Anglorum
978 2017 1316 2102 praefulget
1358 2017 1641 2095 ecclesia,
1684 2025 2000 2101 quotquot
2041 2024 2245 2101 potes,
2292 2019 2477 2083 nobis

571 2122 997 2199 transmittas,
1049 2128 1115 2184 et
1171 2120 1479 2204 praedicto
1538 2141 1718 2185 sacro
1771 2121 2116 2184 conventui
2166 2121 2477 2185 interesse

569 2224 784 2303 facias,
828 2231 906 2288 ut
951 2245 1175 2288 eorum
1219 2231 1724 2305 caeterorumque
1770 2224 2342 2287 ecclesiasticorum
2385 2225 2478 2287 vi-

570 2348 792 2391 rorum
836 2325 1077 2407 salubri
1121 2326 1404 2388 dictante
1446 2325 1711 2389 consilio
1754 2326 1973 2389 unitas
2018 2326 2330 2389 Romanae
2375 2347 2470 2390 eo·

570 2430 799 2508 clesiae,
850 2428 991 2492 Deo
1034 2428 1380 2506 mediante,
1429 2427 1541 2511 qui
1586 2428 1742 2492 facit
1788 2434 2063 2511 utraque
2106 2450 2332 2507 unum,
2377 2450 2476 2492 re-

572 2533 903 2611 formetur,
950 2538 1017 2594 et
1068 2538 1276 2594 status
1321 2531 1732 2594 ecclesiarum
1776 2531 1956 2594 nullo
2001 2531 2299 2614 deinceps
2351 2531 2477 2595 dis-

575 2637 948 2700 sensionum
993 2634 1256 2698 turbine
1308 2634 1584 2712 collisus,
1638 2634 1877 2698 nostris
1928 2634 2326 2717 temporibus
2376 2635 2479 2697 in-

572 2739 841 2803 columis
875 2739 946 2801 in
982 2760 1099 2801 sua
1136 2737 1335 2820 possit
1365 2737 1833 2819 tranquillitate
1877 2758 2273 2821 permanere.
2365 2738 2477 2801 In-

571 2844 765 2907 terim
805 2849 1044 2919 autem,
1085 2842 1156 2903 in
1195 2847 1495 2904 neutram
1534 2849 1786 2924 partem
1826 2842 2146 2924 praedictae
2191 2842 2478 2905 scissurae

574 2965 907 3008 assensum
935 2950 1125 3006 tuum
1155 2942 1453 3020 declines,
1484 2963 1606 3006 nec

1235 3044 1482 3126 [desunt
1508 3044 1829 3126 nonnulla]

573 3144 988 3209 rationabiles
1019 3145 1423 3227 aliquatenus
1450 3146 1739 3228 recipias.

595 3445 1038 3511 EPISTOLA
1082 3444 1668 3509 DXL—musnssm
1700 3465 1792 3508 An
1825 3464 2120 3509 <umcros
2153 3465 2459 3509 PoPuLOS.

572 3598 939 3666 Fredmcus
966 3598 1090 3660 Dei
1110 3599 1327 3678 qratia
1355 3596 1775 3659 Romanorum
1801 3596 2140 3676 imperator
2161 3601 2222 3658 et
2248 3617 2486 3678 semper

660 3705 983 3786 Λαμπείας
1012 3701 1248 3765 cunctis
1272 3700 1545 3781 populis,
1578 3720 1729 3781 quos
1757 3700 2087 3762 clementiae
2124 3706 2349 3763 nostrae
2386 3721 2484 3765 re-

657 3812 758 3892 yit
785 3811 1127 3893 imperium.

583 4059 909 4141 quondam
943 4060 1117 4122 inter
1156 4060 1437 4124 ecclesiae
1467 4060 1779 4123 Romanae
1822 4060 2177 4124 cardinales
2214 4061 2294 4124 de
2338 4082 2487 4144 apo-

582 4161 823 4225 stolatu
853 4160 1168 4225 discordia
1211 4161 1284 4225 in
1321 4182 1506 4243 reges
1547 4168 1615 4225 et
1653 4182 1857 4245 regna
1893 4162 2142 4245 impetu
2186 4162 2488 4244 pestifero

582 4270 683 4327 est
712 4263 964 4327 diffusa.
1030 4263 1183 4327 ‘Pro
1227 4285 1357 4348 qua
1395 4263 1477 4326 ad
1506 4262 1788 4346 optabile
1827 4264 2072 4329 bonum
2101 4264 2273 4347 pacis
2311 4285 2489 4327 revo-

582 4366 790 4430 canda
839 4372 1114 4449 quantos
1160 4373 1305 4449 post
1354 4366 1561 4431 beatae
1609 4367 1934 4431 memoriae
1984 4390 2164 4451 papae
2206 4367 2488 4432 Victoris

12 3957 27 4462 V
670 3959 713 4021 J
716 3978 818 4021 AM
864 3958 1112 4022 dudum
1154 3957 1513 4023 innotuisse
1557 3956 1899 4035 credimuS,
1945 3958 2224 4042 qualiter
2263 3964 2489 4023 exorta

12 4467 15 4572 J
582 4469 963 4535 electionem
994 4476 1059 4534 et
1089 4470 1642 4536 confirmationem
1666 4470 2062 4536 Catholicam
2086 4471 2321 4555 Papiae,
2341 4471 2488 4537 Me-
