3200 5392
561 946 698 987 Am).
740 923 1134 1006 1161—89.]
1238 942 1738 987 LONDONIENsls
1772 944 2123 987 Erls'rOLAE.
2426 926 2465 985 3

625 1206 1068 1270 EPISTOLA
1112 1206 1692 1270 CCLXXII.——AD
1726 1227 2035 1283 EUNDEM,
2071 1227 2154 1267 DE
2191 1225 2401 1267 censo

1266 1329 1502 1371 SANC'H
1539 1329 1760 1370 PETRI.

643 1459 951 1536 Cassum,
985 1460 1264 1533 domine,
1297 1459 1473 1522 beati
1517 1459 1697 1521 Petri
1742 1459 2157 1539 suscepimuS,
2191 1456 2468 1538 exceptis

558 1561 990 1644 quadraginta
1030 1561 1281 1624 duabus
1322 1561 1501 1624 libris
1543 1582 1700 1642 quas
1740 1561 1821 1623 de
1861 1560 2299 1623 Lincolniensi
2339 1559 2468 1640 epi-

557 1672 821 1747 scopatu
854 1670 922 1727 et
953 1672 1218 1727 centum
1251 1663 1484 1727 solidos
1516 1684 1674 1745 quos
1705 1662 1785 1726 de
1815 1662 2060 1725 Eliensi
2104 1661 2472 1743 episcopatu

556 1767 848 1830 nondum
908 1766 1269 1830 habuimus.
1378 1766 1673 1829 Nuncios
1739 1786 1887 1829 vero
1953 1764 2196 1828 domini
2269 1780 2469 1845 papae,

556 1876 704 1933 octo
736 1869 976 1932 scilicet
1008 1875 1392 1932 mercatores
1424 1868 1764 1945 Flandriae,
1791 1867 1901 1949 qui
1929 1866 2051 1930 sibi
2077 1875 2180 1930 ter
2209 1874 2471 1930 centum

558 1990 807 2032 marcas
849 1969 1103 2051 argenti
1137 1969 1360 2032 Romae
1389 1977 1621 2032 mutuo
1651 1969 2111 2051 praestiterunt,
2143 1976 2471 2051 sperantes

558 2092 628 2134 se
676 2092 995 2134 summam
1045 2071 1320 2134 eandem
1372 2071 1452 2134 de
1504 2092 1707 2134 manu
1757 2071 2205 2135 misericordiae
2249 2080 2473 2134 vestrae

563 2181 992 2255 suscepturos,
1027 2173 1199 2255 apud
1236 2193 1354 2236 nos
1386 2173 1525 2256 jam
1554 2173 1670 2236 diu
1699 2174 2114 2251 detinuimus,
2147 2183 2475 2256 sperantes

561 2299 600 2341 a
622 2277 1019 2341 sublimitate
1048 2284 1260 2340 vestra
1290 2277 1555 2340 verbum
1587 2277 1846 2359 aliquod
1875 2277 2094 2340 audire
2123 2298 2237 2360 per
2267 2276 2473 2340 Deca-

562 2401 724 2443 num
755 2380 836 2444 de
867 2380 1202 2443 Waltham
1234 2379 1405 2462 quod
1435 2388 1500 2443 et
1532 2378 1892 2444 Dominum
1928 2401 2159 2462 papam
2200 2387 2267 2443 et
2305 2402 2472 2442 nun-

555 2483 682 2547 tios
724 2485 864 2567 ejus
905 2482 1105 2565 possit
1147 2482 1520 2546 exhilarare.
1616 2482 1810 2547 Quod
1852 2482 2001 2565 quia
2038 2483 2330 2546 nondum
2372 2504 2474 2546 ac·-

556 2596 699 2649 tum
731 2593 849 2664 est,
881 2587 1052 2668 ipsos
1082 2586 1353 2649 ulterius
1384 2586 1675 2649 detinere
1717 2608 1851 2649 non
1895 2607 2253 2668 possumus.
2346 2586 2476 2649 Sed

561 2688 731 2772 quod
778 2694 1196 2752 revertuntur
1236 2688 1483 2765 inaneS,
1528 2708 1715 2770 posse
1758 2708 1967 2752 causae
2008 2695 2236 2752 vestrae
2279 2689 2475 2771 pluri-

566 2813 750 2854 mum
810 2791 1033 2855 obesse
1091 2791 1623 2874 pertimescimus,
1715 2790 1865 2856 Qua
1920 2791 1993 2854 in
2049 2812 2120 2854 re
2179 2791 2477 2855 discretio

561 2901 773 2958 vestra
815 2894 1177 2977 providebit
1215 2894 1463 2958 utiliter
1502 2893 1660 2976 quid
1698 2893 2033 2977 expediat:
2081 2894 2236 2977 quid
2276 2895 2474 2958 hono-

557 3016 698 3060 rem
728 3003 1016 3060 vestrum
1045 2996 1269 3061 deceat
1292 3022 1311 3074 3
1358 2996 1515 3079 quid
1545 2997 1779 3060 animae
1820 3005 2049 3060 vestrae
2093 2997 2285 3060 saluti
2327 3019 2473 3080 pro-

562 3099 757 3163 ficiat.
848 3099 1099 3163 Fideles
1144 3120 1293 3163 vero
1329 3099 1545 3176 vestri,
1589 3098 1700 3182 qui
1743 3120 1940 3182 penes
1987 3121 2097 3163 vos
2142 3084 2316 3176 sunt,
2367 3100 2478 3182 qui

559 3202 728 3265 vices
757 3210 998 3266 vestras
1028 3223 1143 3284 per
1172 3201 1390 3266 omnia
1419 3201 1779 3284 prosperari
1819 3201 2205 3279 desiderant,
2238 3201 2476 3266 vellent

562 3310 849 3365 vestrum
904 3303 976 3364 in
1033 3324 1105 3366 re
1164 3303 1290 3366 ista
1347 3303 1588 3365 mutari
1648 3302 2008 3380 consilium,
2068 3311 2145 3366 ut
2215 3304 2476 3367 domino

567 3427 749 3489 papae
796 3404 1126 3469 reddendo
1171 3426 1363 3468 suum
1405 3405 1621 3487 ipsum
1665 3404 1748 3467 ad
1791 3405 2052 3486 negotia
2093 3413 2304 3468 vestra
2347 3427 2480 3470 non

572 3507 1027 3584 adversarium,
1060 3508 1173 3570 sed
1216 3528 1331 3590 per
1375 3506 1594 3570 omnia
1633 3506 2013 3570 benevolum
2054 3506 2374 3570 haberetis
2415 3513 2481 3570 et

574 3610 945 3674 obnoxium.
1040 3609 1377 3674 Illuminet
1418 3609 1739 3672 Dominus
1769 3609 2020 3672 vultum
2060 3630 2249 3671 suum
2291 3631 2481 3693 super

571 3735 680 3777 vos
710 3719 777 3776 et
806 3720 1018 3777 vestra
1046 3734 1296 3795 semper
1335 3713 1598 3795 negotia
1637 3712 1809 3776 bono
1848 3713 1977 3775 fine
2017 3713 2378 3790 concludat,
2409 3713 2480 3775 in

580 3816 838 3880 Christo
869 3816 1128 3881 domine
1159 3816 1591 3880 dilectissime.

807 4047 1254 4111 EPISTOLA
1299 4048 1914 4113 CCLXXIII.—An
1948 4066 2253 4110 EUNDEM.

572 4198 845 4261 Henrico
875 4199 1010 4280 reyi
1038 4198 1282 4280 Anylioe
1319 4199 1635 4261 Gilbertus
1662 4198 2108 4260 Londoniensis
2143 4200 2477 4281 episcopus,

649 4301 778 4380 piae
841 4301 1238 4364 salutationis
1304 4300 1591 4382 affectum
1653 4307 1712 4363 et
1771 4300 2051 4381 fideliter
2103 4301 2482 4383 obsequentis

666 4404 950 4487 officium.

661 4552 1179 4616 VENERABILEM
1227 4553 1492 4618 fratrem
1541 4550 1836 4618 nostrum
1882 4554 2216 4616 dominum
2265 4554 2479 4615 Sares-

1477 4677 1516 4718 B
1547 4659 1589 4720 2
