3200 5392
588 912 724 956 Aa).
764 892 1153 977 1161—89.]
1205 922 1208 925 ⁴
1253 912 1585 957 ErlsroLAE
1618 912 1934 963 QUAEDAM.
2369 892 2493 952 149

592 1049 782 1110 quam
814 1029 1112 1093 dominus
1156 1025 1321 1113 papa
1366 1050 1432 1091 se
1476 1028 1654 1092 vobis
1699 1028 1922 1091 fecisse
1952 1033 2246 1103 testatur,
2281 1032 2488 1089 atten-

588 1129 834 1209 denteS,
883 1132 1136 1195 nullum
1182 1131 1621 1208 interdictum,
1677 1131 1924 1193 nullam
1977 1127 2486 1193 excommunica-

586 1233 832 1297 tionem
897 1235 965 1296 in
1037 1255 1238 1316 regno
1298 1233 1660 1316 Anglorum
1719 1233 2093 1310 intendatiS,
2156 1251 2486 1313 quousque

588 1337 934 1418 apostolica
977 1337 1315 1419 praesentia
1360 1336 1645 1413 adeatur,
1679 1343 1744 1400 et
1784 1335 1938 1417 quid
1983 1333 2242 1399 domino
2286 1353 2487 1416 papae,

562 1446 653 1508 ,et
701 1440 1008 1503 Romanae
1052 1440 1333 1503 ecclesiae
1381 1460 1570 1521 super
1616 1439 1714 1501 his
1762 1438 2029 1521 placeat,
2081 1442 2485 1519 agnoscatur.

586 1540 719 1621 Ipsi
754 1561 1006 1623 quoque
1047 1542 1324 1623 episcopi
1366 1548 1430 1603 et
1473 1539 1738 1603 abbates
1778 1539 2048 1602 nuncios
2088 1537 2373 1621 proprios
2406 1536 2487 1599 ad

582 1663 689 1704 vos
733 1643 1207 1721 transmittunt,
1250 1644 1361 1725 qui
1409 1643 1900 1726 appellationem
1947 1642 2017 1703 in
2065 1647 2285 1704 nostra
2327 1660 2487 1722 prae-

583 1746 791 1809 sentia
818 1746 1075 1824 factam,
1110 1755 1174 1810 et
1206 1747 1375 1810 diem
1408 1746 1582 1809 vobis
1616 1746 2029 1809 denuncient.

653 2057 1095 2122 EPISTOLA
1141 2060 1875 2123 CCCCIX.—musmffl
1905 2079 1998 2120 AD
2028 2076 2415 2120 cannarum

1257 2180 1789 2224 LONDoNOENsEM.

604 2309 868 2372 Domino
897 2311 1310 2375 Londoniensi
1349 2313 1685 2374 Willelmus
1713 2311 2043 2391 Papiensis
2073 2309 2431 2372 cardinalis.

660 2461 893 2523 ILuth
947 2462 1260 2544 siquidem
1314 2462 1671 2525 dilectionis
1722 2462 2019 2538 intuituS,
2073 2481 2268 2545 quam
2321 2457 2474 2521 olim

571 2562 742 2625 inter
785 2584 902 2626 nos
948 2572 1131 2646 grata
1174 2565 1440 2628 societas
1486 2564 1737 2628 amicali
1778 2564 2090 2629 relatione
2134 2549 2472 2636 contraxit,

570 2665 653 2728 ad
711 2667 928 2729 omnia
986 2689 1126 2749 quae
1183 2667 1413 2731 honori
1470 2674 1681 2731 vestro
1740 2673 2118 2743 consonant,
2177 2664 2473 2748 diligenti

571 2768 782 2831 studio
850 2771 1309 2852 prosequenda,
1370 2779 1657 2834 nostram
1724 2770 1972 2854 jugiter
2040 2769 2469 2833 intentionem

568 2870 810 2933 animat
852 2877 916 2933 et
955 2872 1225 2950 inducit,
1267 2894 1388 2936 nec
1428 2881 1743 2949 nostrum,
1786 2872 2040 2954 auspice
2085 2872 2244 2947 Deo,
2289 2878 2468 2953 pote-

565 2971 652 3034 rit
681 2973 752 3035 in
784 2973 902 3038 hac
932 2981 1112 3057 parte
1144 2977 1381 3039 mutari
1411 2975 1828 3059 propositum,
1855 2976 2013 3057 quin
2044 2995 2294 3056 semper
2323 2994 2466 3037 eam

564 3095 784 3138 curam
816 3079 1039 3140 vestris
1068 3078 1518 3161 impendamus
1549 3078 1845 3161 negotiiS,
1878 3099 2070 3160 quam
2099 3077 2169 3139 in
2200 3077 2466 3160 propriis

563 3177 852 3241 adhiberi
903 3179 1228 3255 vellemuS,
1281 3187 1346 3243 et
1393 3180 1525 3243 fere
1577 3180 1745 3242 circa
1796 3200 1913 3241 nos
1966 3178 2161 3241 etiam
2214 3178 2462 3241 desides

562 3280 900 3343 mallemus
940 3281 1231 3344 inveniri.
1325 3283 1541 3364 Hujus
1586 3282 1788 3363 igitur
1833 3282 2066 3342 amoris
2107 3282 2469 3345 considera-

559 3383 738 3447 tione
767 3382 1059 3467 permoti,
1091 3406 1198 3448 eos
1230 3406 1386 3467 quos
1431 3384 1608 3447 vobis
1648 3383 1868 3447 fideles
1909 3383 2350 3465 cognoscimus
2392 3405 2468 3445 ac

563 3487 842 3564 devotOS,
887 3487 1254 3550 discretioni
1303 3494 1545 3563 vestrae,
1579 3507 1781 3568 quum
1821 3484 2096 3567 expedit,
2138 3506 2461 3549 commen-

562 3591 712 3654 dare
754 3598 1075 3668 tenemur,
1107 3611 1192 3653 ne
1220 3591 1387 3655 forte
1424 3589 1533 3673 qui
1570 3588 1847 3653 fideliter
1876 3598 2243 3671 operantur,
2274 3609 2460 3671 prop-

557 3700 660 3757 ter
711 3695 1040 3757 silentium
1095 3701 1208 3757 aut
1257 3692 1694 3775 ignorantiam
1746 3712 1785 3754 a
1835 3712 1950 3754 suo
1999 3690 2462 3755 defraudentur

560 3797 835 3861 servitio.
906 3798 1219 3860 Novimus
1250 3795 1468 3878 igitur,
1502 3794 1675 3877 quod
1703 3793 1994 3877 egregius
2024 3793 2136 3873 vir,
2170 3801 2236 3857 et
2266 3816 2460 3878 quem

557 3896 897 3980 multiplex
947 3889 1285 3962 literatura
1329 3897 1721 3981 magnificat,
1779 3896 2087 3979 magister
2144 3895 2228 3959 D.
2279 3918 2459 3961 occa-

559 3998 737 4062 sione
776 4001 968 4063 vestri
1006 4001 1183 4064 venit
1223 4000 1305 4065 ad
1345 4000 1609 4077 curiam,
1642 4006 1709 4063 et
1747 3999 1816 4062 in
1854 3998 2081 4062 vestris
2116 3999 2275 4064 adeo
2306 4020 2456 4063 con-

558 4106 805 4164 stanter
849 4109 915 4165 et
957 4103 1217 4184 provide
1262 4103 1512 4167 studuit
1554 4121 1852 4185 perorare
1895 4101 2192 4183 negotiis,
2231 4108 2297 4165 et
2340 4124 2461 4184 pro

556 4203 734 4267 vobis
779 4212 1044 4268 eatenus
1087 4207 1382 4283 militare,
1416 4205 1589 4289 quod
1631 4206 1685 4267 si
1721 4205 1921 4288 patris
1962 4205 2062 4267 sui
2099 4225 2201 4268 res
2242 4225 2457 4285 agere-

555 4313 668 4370 tur
722 4306 794 4369 in
851 4307 1084 4385 medio,
1140 4329 1545 4391 nequaquam
1591 4315 1806 4391 posset
1858 4307 2141 4378 extitisse
2189 4304 2455 4369 fidelior.

557 4408 728 4475 Quia
777 4429 925 4473 vero
974 4410 1044 4472 in
1092 4417 1440 4493 conspectu
1486 4410 1723 4474 summi
1772 4409 2090 4495 pontificis
2138 4413 2204 4471 et
2255 4407 2454 4471 totius

554 4512 834 4578 ecclesiae
866 4513 1192 4592 Romanae,
1226 4520 1291 4577 et
1331 4514 1648 4598 praecipue
1678 4533 1893 4578 coram
1923 4509 2108 4575 nobis
2131 4510 2269 4593 jam
2299 4510 2456 4577 dicti
