<?xml version="1.0" encoding="UTF-8"?>
<!DOCTYPE html PUBLIC "-//W3C//DTD XHTML 1.0 Transitional//EN"
    "http://www.w3.org/TR/xhtml1/DTD/xhtml1-transitional.dtd">
<html xmlns="http://www.w3.org/1999/xhtml" xml:lang="en" lang="en">
 <head>
  <title>
</title>
<meta http-equiv="Content-Type" content="text/html;charset=utf-8" />
  <meta name='ocr-system' content='tesseract 3.04.00' />
  <meta name='ocr-capabilities' content='ocr_page ocr_carea ocr_par ocr_line ocrx_word'/>
</head>
<body>
  <div class='ocr_page' id='page_1' title='image "./gilbertiexabbat01gilegoog_0085.png"; bbox 0 0 3200 5392; ppageno 0'>
   <div class='ocr_carea' id='block_1_1' title="bbox 4 0 3200 427">
    <p class='ocr_par' dir='ltr' id='par_1_1' title="bbox 4 0 3200 427">
     <span class='ocr_line' id='line_1_1' title="bbox 6 224 501 236; baseline 0.006 -3"><span class='ocrx_word' id='word_1_1' title='bbox 6 224 9 233; x_wconf 75' lang='lat' dir='ltr'><em>r</em></span> <span class='ocrx_word' id='word_1_2' title='bbox 492 233 501 236; x_wconf 69' lang='grc'><strong><em>,</em></strong></span> 
     </span>
     <span class='ocr_line' id='line_1_2' title="bbox 4 0 3200 259; baseline 0.008 -32"><span class='ocrx_word' id='word_1_3' title='bbox 4 0 3200 259; x_wconf 90' lang='lat'>—</span> 
     </span>
     <span class='ocr_line' id='line_1_3' title="bbox 22 332 23 339; baseline 0 0"><span class='ocrx_word' id='word_1_4' title='bbox 22 332 23 339; x_wconf 41' lang='grc' dir='ltr'>η</span> 
     </span>
     <span class='ocr_line' id='line_1_4' title="bbox 12 418 21 427; baseline 0 0"><span class='ocrx_word' id='word_1_5' title='bbox 12 418 21 427; x_wconf 79' lang='grc' dir='ltr'>ι</span> 
     </span>
    </p>
   </div>
   <div class='ocr_carea' id='block_1_2' title="bbox 574 958 2474 1040">
    <p class='ocr_par' dir='ltr' id='par_1_2' title="bbox 574 958 2474 1040">
     <span class='ocr_line' id='line_1_5' title="bbox 574 958 2474 1040; baseline 0.003 -21"><span class='ocrx_word' id='word_1_6' title='bbox 574 978 708 1020; x_wconf 59' lang='grc' dir='ltr'><strong>ΑΛ).</strong></span> <span class='ocrx_word' id='word_1_7' title='bbox 745 958 1138 1040; x_wconf 64' lang='lat' dir='ltr'><strong>nol—89]</strong></span> <span class='ocrx_word' id='word_1_8' title='bbox 1239 968 1573 1021; x_wconf 70' lang='lat' dir='ltr'><strong>nrlsroLAE</strong></span> <span class='ocrx_word' id='word_1_9' title='bbox 1606 980 1928 1028; x_wconf 78' lang='lat' dir='ltr'><strong>QUAEDAM.</strong></span> <span class='ocrx_word' id='word_1_10' title='bbox 2389 963 2474 1026; x_wconf 88' lang='grc'><strong>69</strong></span> 
     </span>
    </p>
   </div>
   <div class='ocr_carea' id='block_1_3' title="bbox 568 1093 2470 1465">
    <p class='ocr_par' dir='ltr' id='par_1_3' title="bbox 568 1093 2470 1465">
     <span class='ocr_line' id='line_1_6' title="bbox 571 1093 2470 1180; baseline 0.003 -25"><span class='ocrx_word' id='word_1_11' title='bbox 571 1093 842 1172; x_wconf 84' lang='lat' dir='ltr'><strong>habetis,</strong></span> <span class='ocrx_word' id='word_1_12' title='bbox 889 1116 1088 1177; x_wconf 89' lang='lat' dir='ltr'><strong>quum</strong></span> <span class='ocrx_word' id='word_1_13' title='bbox 1112 1095 1514 1171; x_wconf 52' lang='lat' dir='ltr'><strong>vacaverint,</strong></span> <span class='ocrx_word' id='word_1_14' title='bbox 1566 1095 1941 1160; x_wconf 87' lang='lat' dir='ltr'><strong>dioecesanis</strong></span> <span class='ocrx_word' id='word_1_15' title='bbox 1989 1097 2298 1180; x_wconf 88' lang='lat' dir='ltr'><strong>episcopis</strong></span> <span class='ocrx_word' id='word_1_16' title='bbox 2345 1099 2470 1161; x_wconf 91' lang='lat' dir='ltr'><strong>cle-</strong></span> 
     </span>
     <span class='ocr_line' id='line_1_7' title="bbox 570 1197 2469 1283; baseline 0.003 -24"><span class='ocrx_word' id='word_1_17' title='bbox 570 1197 735 1260; x_wconf 90' lang='lat' dir='ltr'><strong>ricos</strong></span> <span class='ocrx_word' id='word_1_18' title='bbox 781 1197 1044 1260; x_wconf 90' lang='lat' dir='ltr'><strong>idoneos</strong></span> <span class='ocrx_word' id='word_1_19' title='bbox 1091 1198 1509 1282; x_wconf 73' lang='lat' dir='ltr'><strong>praesentetis,</strong></span> <span class='ocrx_word' id='word_1_20' title='bbox 1557 1199 1668 1281; x_wconf 91' lang='lat' dir='ltr'><strong>qui</strong></span> <span class='ocrx_word' id='word_1_21' title='bbox 1713 1199 1838 1262; x_wconf 90' lang='lat' dir='ltr'><strong>illis</strong></span> <span class='ocrx_word' id='word_1_22' title='bbox 1887 1200 1967 1264; x_wconf 89' lang='lat' dir='ltr'><strong>de</strong></span> <span class='ocrx_word' id='word_1_23' title='bbox 2014 1200 2469 1283; x_wconf 90' lang='lat' dir='ltr'><strong>spiritualibus,</strong></span> 
     </span>
     <span class='ocr_line' id='line_1_8' title="bbox 570 1298 2469 1386; baseline 0.002 -24"><span class='ocrx_word' id='word_1_24' title='bbox 570 1307 637 1362; x_wconf 86' lang='lat' dir='ltr'><strong>et</strong></span> <span class='ocrx_word' id='word_1_25' title='bbox 674 1299 852 1363; x_wconf 87' lang='lat' dir='ltr'><strong>vobis</strong></span> <span class='ocrx_word' id='word_1_26' title='bbox 896 1298 976 1363; x_wconf 92' lang='lat' dir='ltr'><strong>de</strong></span> <span class='ocrx_word' id='word_1_27' title='bbox 1019 1300 1478 1383; x_wconf 83' lang='lat' dir='ltr'><strong>temporalibus</strong></span> <span class='ocrx_word' id='word_1_28' title='bbox 1520 1300 1799 1365; x_wconf 88' lang='lat' dir='ltr'><strong>debeant</strong></span> <span class='ocrx_word' id='word_1_29' title='bbox 1842 1303 2246 1386; x_wconf 85' lang='lat' dir='ltr'><strong>respondere.</strong></span> <span class='ocrx_word' id='word_1_30' title='bbox 2339 1303 2469 1366; x_wconf 90' lang='lat' dir='ltr'><strong>Da-</strong></span> 
     </span>
     <span class='ocr_line' id='line_1_9' title="bbox 568 1409 964 1465; baseline 0.003 -1"><span class='ocrx_word' id='word_1_31' title='bbox 568 1409 712 1464; x_wconf 85' lang='lat' dir='ltr'><strong>tum</strong></span> <span class='ocrx_word' id='word_1_32' title='bbox 743 1448 964 1465; x_wconf 86' lang='grc'><strong>.....</strong></span> 
     </span>
    </p>
   </div>
   <div class='ocr_carea' id='block_1_4' title="bbox 565 1707 2463 1878">
    <p class='ocr_par' dir='ltr' id='par_1_4' title="bbox 565 1707 2463 1878">
     <span class='ocr_line' id='line_1_10' title="bbox 565 1707 2463 1776; baseline 0.003 -6"><span class='ocrx_word' id='word_1_33' title='bbox 565 1707 1004 1772; x_wconf 84' lang='lat' dir='ltr'><strong>EPISTOLA</strong></span> <span class='ocrx_word' id='word_1_34' title='bbox 1035 1709 1883 1776; x_wconf 71' lang='lat' dir='ltr'><strong>OCCXINIL-——nsusnnn</strong></span> <span class='ocrx_word' id='word_1_35' title='bbox 1915 1730 2007 1775; x_wconf 71' lang='lat' dir='ltr'><strong>An</strong></span> <span class='ocrx_word' id='word_1_36' title='bbox 2039 1732 2118 1775; x_wconf 78' lang='lat' dir='ltr'><strong>w,</strong></span> <span class='ocrx_word' id='word_1_37' title='bbox 2154 1732 2463 1776; x_wconf 65' lang='lat' dir='ltr'><strong>rumam:</strong></span> 
     </span>
     <span class='ocr_line' id='line_1_11' title="bbox 970 1830 2053 1878; baseline 0.004 -5"><span class='ocrx_word' id='word_1_38' title='bbox 970 1830 1052 1874; x_wconf 67' lang='lat' dir='ltr'><strong>m*</strong></span> <span class='ocrx_word' id='word_1_39' title='bbox 1083 1832 1476 1878; x_wconf 65' lang='lat' dir='ltr'><strong>cunnum</strong></span> <span class='ocrx_word' id='word_1_40' title='bbox 1510 1832 2053 1877; x_wconf 70' lang='lat' dir='ltr'><strong>cAN‘ruAamnsn.</strong></span> 
     </span>
    </p>
   </div>
   <div class='ocr_carea' id='block_1_5' title="bbox 561 1958 2466 2264">
    <p class='ocr_par' dir='ltr' id='par_1_5' title="bbox 561 1958 2466 2264">
     <span class='ocr_line' id='line_1_12' title="bbox 561 1958 2466 2044; baseline 0.004 -24"><span class='ocrx_word' id='word_1_41' title='bbox 561 1958 919 2024; x_wconf 75' lang='lat' dir='ltr'><strong>Aleoeander</strong></span> <span class='ocrx_word' id='word_1_42' title='bbox 947 1963 1262 2044; x_wconf 74' lang='lat' dir='ltr'><strong>episeopus</strong></span> <span class='ocrx_word' id='word_1_43' title='bbox 1289 1984 1500 2028; x_wconf 72' lang='lat' dir='ltr'><strong>servus</strong></span> <span class='ocrx_word' id='word_1_44' title='bbox 1526 1985 1839 2028; x_wconf 73' lang='lat' dir='ltr'><strong>servorum</strong></span> <span class='ocrx_word' id='word_1_45' title='bbox 1868 1965 2008 2043; x_wconf 81' lang='lat' dir='ltr'><strong>Dei,</strong></span> <span class='ocrx_word' id='word_1_46' title='bbox 2042 1964 2285 2028; x_wconf 70' lang='lat' dir='ltr'><strong>dilectis</strong></span> <span class='ocrx_word' id='word_1_47' title='bbox 2298 1963 2466 2044; x_wconf 72' lang='lat' dir='ltr'><strong>filiis</strong></span> 
     </span>
     <span class='ocr_line' id='line_1_13' title="bbox 658 2063 2464 2145; baseline 0.003 -19"><span class='ocrx_word' id='word_1_48' title='bbox 658 2063 752 2126; x_wconf 87' lang='lat' dir='ltr'><strong>W.</strong></span> <span class='ocrx_word' id='word_1_49' title='bbox 794 2065 998 2143; x_wconf 71' lang='lat' dir='ltr'><strong>priori</strong></span> <span class='ocrx_word' id='word_1_50' title='bbox 1041 2070 1101 2127; x_wconf 86' lang='lat' dir='ltr'><strong>et</strong></span> <span class='ocrx_word' id='word_1_51' title='bbox 1127 2064 1449 2144; x_wconf 63' lang='lat' dir='ltr'><strong>fraiv-ihm</strong></span> <span class='ocrx_word' id='word_1_52' title='bbox 1484 2069 1749 2130; x_wconf 77' lang='lat' dir='ltr'><strong>ecelesiae</strong></span> <span class='ocrx_word' id='word_1_53' title='bbox 1785 2068 2268 2145; x_wconf 73' lang='lat' dir='ltr'><strong>Cantuariemis,</strong></span> <span class='ocrx_word' id='word_1_54' title='bbox 2297 2069 2464 2131; x_wconf 79' lang='lat' dir='ltr'><strong>salu-</strong></span> 
     </span>
     <span class='ocr_line' id='line_1_14' title="bbox 604 2168 1814 2264; baseline 0.004 -37"><span class='ocrx_word' id='word_1_55' title='bbox 604 2194 611 2201; x_wconf 56' lang='lat'><em>2</em></span> <span class='ocrx_word' id='word_1_56' title='bbox 651 2172 773 2229; x_wconf 85' lang='lat' dir='ltr'><strong>tem</strong></span> <span class='ocrx_word' id='word_1_57' title='bbox 803 2172 862 2264; x_wconf 55' lang='lat' dir='ltr'><strong>et</strong></span> <span class='ocrx_word' id='word_1_58' title='bbox 892 2170 1288 2247; x_wconf 77' lang='lat' dir='ltr'><strong>apostolicam</strong></span> <span class='ocrx_word' id='word_1_59' title='bbox 1321 2168 1814 2232; x_wconf 82' lang='lat' dir='ltr'><strong><em>benedictionem.</em></strong></span> 
     </span>
    </p>
   </div>
   <div class='ocr_carea' id='block_1_6' title="bbox 549 2316 2478 4660">
    <p class='ocr_par' dir='ltr' id='par_1_6' title="bbox 549 2316 2478 4660">
     <span class='ocr_line' id='line_1_15' title="bbox 649 2316 2462 2401; baseline 0.003 -23"><span class='ocrx_word' id='word_1_60' title='bbox 649 2316 1132 2380; x_wconf 72' lang='lat' dir='ltr'><strong>VENERAmLIs</strong></span> <span class='ocrx_word' id='word_1_61' title='bbox 1180 2318 1377 2381; x_wconf 87' lang='lat' dir='ltr'><strong>frater</strong></span> <span class='ocrx_word' id='word_1_62' title='bbox 1424 2324 1642 2381; x_wconf 88' lang='lat' dir='ltr'><strong>noster</strong></span> <span class='ocrx_word' id='word_1_63' title='bbox 1690 2318 1994 2396; x_wconf 85' lang='lat' dir='ltr'><strong>Thomas,</strong></span> <span class='ocrx_word' id='word_1_64' title='bbox 2045 2318 2462 2401; x_wconf 81' lang='lat' dir='ltr'><strong>archiepisco-</strong></span> 
     </span>
     <span class='ocr_line' id='line_1_16' title="bbox 561 2420 2464 2504; baseline 0.002 -22"><span class='ocrx_word' id='word_1_65' title='bbox 561 2438 683 2500; x_wconf 87' lang='lat' dir='ltr'><strong>pus</strong></span> <span class='ocrx_word' id='word_1_66' title='bbox 712 2427 939 2498; x_wconf 88' lang='lat' dir='ltr'><strong>vester,</strong></span> <span class='ocrx_word' id='word_1_67' title='bbox 974 2420 1316 2502; x_wconf 82' lang='lat' dir='ltr'><strong>diligenter</strong></span> <span class='ocrx_word' id='word_1_68' title='bbox 1344 2420 1530 2484; x_wconf 90' lang='lat' dir='ltr'><strong>nobis</strong></span> <span class='ocrx_word' id='word_1_69' title='bbox 1566 2421 1915 2504; x_wconf 83' lang='lat' dir='ltr'><strong>proposuit,</strong></span> <span class='ocrx_word' id='word_1_70' title='bbox 1950 2428 2015 2485; x_wconf 90' lang='lat' dir='ltr'><strong>et</strong></span> <span class='ocrx_word' id='word_1_71' title='bbox 2046 2441 2125 2484; x_wconf 87' lang='lat' dir='ltr'><strong>ex</strong></span> <span class='ocrx_word' id='word_1_72' title='bbox 2153 2421 2464 2485; x_wconf 82' lang='lat' dir='ltr'><strong>relatione</strong></span> 
     </span>
     <span class='ocr_line' id='line_1_17' title="bbox 561 2520 2464 2602; baseline 0.003 -19"><span class='ocrx_word' id='word_1_73' title='bbox 561 2520 779 2586; x_wconf 89' lang='lat' dir='ltr'><strong>dilecti</strong></span> <span class='ocrx_word' id='word_1_74' title='bbox 825 2522 941 2586; x_wconf 93' lang='lat' dir='ltr'><strong>filii</strong></span> <span class='ocrx_word' id='word_1_75' title='bbox 986 2523 1191 2587; x_wconf 86' lang='lat' dir='ltr'><strong>nostri</strong></span> <span class='ocrx_word' id='word_1_76' title='bbox 1240 2522 1487 2587; x_wconf 90' lang='lat' dir='ltr'><strong>Odonis</strong></span> <span class='ocrx_word' id='word_1_77' title='bbox 1536 2523 1874 2587; x_wconf 86' lang='lat' dir='ltr'><strong>confratris</strong></span> <span class='ocrx_word' id='word_1_78' title='bbox 1920 2523 2131 2602; x_wconf 88' lang='lat' dir='ltr'><strong>vestri,</strong></span> <span class='ocrx_word' id='word_1_79' title='bbox 2180 2529 2246 2587; x_wconf 90' lang='lat' dir='ltr'><strong>et</strong></span> <span class='ocrx_word' id='word_1_80' title='bbox 2292 2545 2464 2589; x_wconf 92' lang='lat' dir='ltr'><strong>com-</strong></span> 
     </span>
     <span class='ocr_line' id='line_1_18' title="bbox 561 2624 2459 2710; baseline 0.002 -24"><span class='ocrx_word' id='word_1_81' title='bbox 561 2625 744 2688; x_wconf 93' lang='lat' dir='ltr'><strong>muni</strong></span> <span class='ocrx_word' id='word_1_82' title='bbox 780 2624 953 2689; x_wconf 87' lang='lat' dir='ltr'><strong>fama</strong></span> <span class='ocrx_word' id='word_1_83' title='bbox 990 2626 1309 2689; x_wconf 88' lang='lat' dir='ltr'><strong>referente</strong></span> <span class='ocrx_word' id='word_1_84' title='bbox 1354 2625 1436 2689; x_wconf 86' lang='lat' dir='ltr'><strong>ad</strong></span> <span class='ocrx_word' id='word_1_85' title='bbox 1478 2626 1692 2709; x_wconf 91' lang='lat' dir='ltr'><strong>ipsum</strong></span> <span class='ocrx_word' id='word_1_86' title='bbox 1735 2625 2113 2710; x_wconf 77' lang='lat' dir='ltr'><strong>accepimuS,</strong></span> <span class='ocrx_word' id='word_1_87' title='bbox 2147 2626 2317 2709; x_wconf 92' lang='lat' dir='ltr'><strong>quod</strong></span> <span class='ocrx_word' id='word_1_88' title='bbox 2352 2648 2459 2691; x_wconf 87' lang='lat' dir='ltr'><strong>vos</strong></span> 
     </span>
     <span class='ocr_line' id='line_1_19' title="bbox 559 2727 2462 2812; baseline 0.002 -22"><span class='ocrx_word' id='word_1_89' title='bbox 559 2727 724 2792; x_wconf 90' lang='lat' dir='ltr'><strong>sicut</strong></span> <span class='ocrx_word' id='word_1_90' title='bbox 761 2728 879 2791; x_wconf 85' lang='lat' dir='ltr'><strong>viri</strong></span> <span class='ocrx_word' id='word_1_91' title='bbox 916 2729 1198 2812; x_wconf 86' lang='lat' dir='ltr'><strong>religiosi</strong></span> <span class='ocrx_word' id='word_1_92' title='bbox 1238 2736 1303 2793; x_wconf 92' lang='lat' dir='ltr'><strong>et</strong></span> <span class='ocrx_word' id='word_1_93' title='bbox 1344 2730 1485 2793; x_wconf 92' lang='lat' dir='ltr'><strong>Deo</strong></span> <span class='ocrx_word' id='word_1_94' title='bbox 1525 2730 1758 2807; x_wconf 87' lang='lat' dir='ltr'><strong>devoti,</strong></span> <span class='ocrx_word' id='word_1_95' title='bbox 1789 2730 1996 2792; x_wconf 86' lang='lat' dir='ltr'><strong>eidem</strong></span> <span class='ocrx_word' id='word_1_96' title='bbox 2026 2730 2211 2793; x_wconf 89' lang='lat' dir='ltr'><strong>fratri</strong></span> <span class='ocrx_word' id='word_1_97' title='bbox 2240 2737 2462 2794; x_wconf 89' lang='lat' dir='ltr'><strong>nostro</strong></span> 
     </span>
     <span class='ocr_line' id='line_1_20' title="bbox 557 2831 2457 2917; baseline 0.001 -24"><span class='ocrx_word' id='word_1_98' title='bbox 557 2831 627 2893; x_wconf 90' lang='lat' dir='ltr'><strong>in</strong></span> <span class='ocrx_word' id='word_1_99' title='bbox 668 2832 945 2914; x_wconf 87' lang='lat' dir='ltr'><strong>negotiis</strong></span> <span class='ocrx_word' id='word_1_100' title='bbox 971 2832 1255 2897; x_wconf 77' lang='lat' dir='ltr'><strong>ecclesiae</strong></span> <span class='ocrx_word' id='word_1_101' title='bbox 1282 2833 1602 2896; x_wconf 88' lang='lat' dir='ltr'><strong>ferventer</strong></span> <span class='ocrx_word' id='word_1_102' title='bbox 1634 2832 1960 2909; x_wconf 89' lang='lat' dir='ltr'><strong>adsistitis,</strong></span> <span class='ocrx_word' id='word_1_103' title='bbox 1994 2839 2060 2896; x_wconf 87' lang='lat' dir='ltr'><strong>et</strong></span> <span class='ocrx_word' id='word_1_104' title='bbox 2090 2833 2229 2917; x_wconf 87' lang='lat' dir='ltr'><strong>ejus</strong></span> <span class='ocrx_word' id='word_1_105' title='bbox 2258 2832 2457 2896; x_wconf 90' lang='lat' dir='ltr'><strong>tribu-</strong></span> 
     </span>
     <span class='ocr_line' id='line_1_21' title="bbox 558 2934 2460 3018; baseline 0.001 -22"><span class='ocrx_word' id='word_1_106' title='bbox 558 2934 904 2998; x_wconf 87' lang='lat' dir='ltr'><strong>lationibus</strong></span> <span class='ocrx_word' id='word_1_107' title='bbox 951 2942 1017 2998; x_wconf 92' lang='lat' dir='ltr'><strong>et</strong></span> <span class='ocrx_word' id='word_1_108' title='bbox 1064 2935 1379 3018; x_wconf 86' lang='lat' dir='ltr'><strong>angustiis</strong></span> <span class='ocrx_word' id='word_1_109' title='bbox 1424 2936 1907 3018; x_wconf 81' lang='lat' dir='ltr'><strong>compatientes,</strong></span> <span class='ocrx_word' id='word_1_110' title='bbox 1954 2935 2292 2999; x_wconf 83' lang='lat' dir='ltr'><strong>consilium</strong></span> <span class='ocrx_word' id='word_1_111' title='bbox 2339 2934 2460 2998; x_wconf 89' lang='lat' dir='ltr'><strong>sibi</strong></span> 
     </span>
     <span class='ocr_line' id='line_1_22' title="bbox 557 3038 2458 3117; baseline 0.001 -18"><span class='ocrx_word' id='word_1_112' title='bbox 557 3045 620 3100; x_wconf 88' lang='lat' dir='ltr'><strong>et</strong></span> <span class='ocrx_word' id='word_1_113' title='bbox 666 3038 973 3100; x_wconf 86' lang='lat' dir='ltr'><strong>auxilium</strong></span> <span class='ocrx_word' id='word_1_114' title='bbox 1025 3038 1333 3103; x_wconf 90' lang='lat' dir='ltr'><strong>libentius</strong></span> <span class='ocrx_word' id='word_1_115' title='bbox 1376 3039 1777 3117; x_wconf 87' lang='lat' dir='ltr'><strong>ministratis,</strong></span> <span class='ocrx_word' id='word_1_116' title='bbox 1824 3048 1889 3102; x_wconf 92' lang='lat' dir='ltr'><strong>et</strong></span> <span class='ocrx_word' id='word_1_117' title='bbox 1936 3039 2217 3102; x_wconf 87' lang='lat' dir='ltr'><strong>ecclesiae</strong></span> <span class='ocrx_word' id='word_1_118' title='bbox 2264 3059 2458 3102; x_wconf 81' lang='lat' dir='ltr'><strong>onera</strong></span> 
     </span>
     <span class='ocr_line' id='line_1_23' title="bbox 557 3141 2457 3224; baseline 0.001 -21"><span class='ocrx_word' id='word_1_119' title='bbox 557 3161 774 3204; x_wconf 90' lang='lat' dir='ltr'><strong>secum</strong></span> <span class='ocrx_word' id='word_1_120' title='bbox 804 3150 1100 3224; x_wconf 89' lang='lat' dir='ltr'><strong>prompto</strong></span> <span class='ocrx_word' id='word_1_121' title='bbox 1131 3142 1346 3206; x_wconf 87' lang='lat' dir='ltr'><strong>animo</strong></span> <span class='ocrx_word' id='word_1_122' title='bbox 1376 3142 1728 3206; x_wconf 88' lang='lat' dir='ltr'><strong>sustinetis.</strong></span> <span class='ocrx_word' id='word_1_123' title='bbox 1819 3142 2013 3207; x_wconf 82' lang='lat' dir='ltr'><strong>Quod</strong></span> <span class='ocrx_word' id='word_1_124' title='bbox 2050 3141 2276 3224; x_wconf 89' lang='lat' dir='ltr'><strong>utique</strong></span> <span class='ocrx_word' id='word_1_125' title='bbox 2315 3163 2457 3223; x_wconf 89' lang='lat' dir='ltr'><strong>gra-</strong></span> 
     </span>
     <span class='ocr_line' id='line_1_24' title="bbox 556 3243 2457 3326; baseline 0.001 -21"><span class='ocrx_word' id='word_1_126' title='bbox 556 3249 702 3305; x_wconf 89' lang='lat' dir='ltr'><strong>tum</strong></span> <span class='ocrx_word' id='word_1_127' title='bbox 753 3249 1212 3324; x_wconf 88' lang='lat' dir='ltr'><strong>acceptumque</strong></span> <span class='ocrx_word' id='word_1_128' title='bbox 1262 3250 1580 3321; x_wconf 90' lang='lat' dir='ltr'><strong>tenentes,</strong></span> <span class='ocrx_word' id='word_1_129' title='bbox 1635 3244 1961 3326; x_wconf 86' lang='lat' dir='ltr'><strong>religionis</strong></span> <span class='ocrx_word' id='word_1_130' title='bbox 2021 3265 2095 3307; x_wconf 90' lang='lat' dir='ltr'><strong>ac</strong></span> <span class='ocrx_word' id='word_1_131' title='bbox 2153 3243 2457 3307; x_wconf 89' lang='lat' dir='ltr'><strong>ferventis</strong></span> 
     </span>
     <span class='ocr_line' id='line_1_25' title="bbox 558 3343 2454 3426; baseline 0.001 -20"><span class='ocrx_word' id='word_1_132' title='bbox 558 3343 886 3406; x_wconf 89' lang='lat' dir='ltr'><strong>fidelitatis</strong></span> <span class='ocrx_word' id='word_1_133' title='bbox 917 3350 1143 3406; x_wconf 86' lang='lat' dir='ltr'><strong>vestrae</strong></span> <span class='ocrx_word' id='word_1_134' title='bbox 1172 3345 1603 3407; x_wconf 82' lang='lat' dir='ltr'><strong>constantiam</strong></span> <span class='ocrx_word' id='word_1_135' title='bbox 1640 3345 1851 3426; x_wconf 85' lang='lat' dir='ltr'><strong>dignis</strong></span> <span class='ocrx_word' id='word_1_136' title='bbox 1890 3345 1960 3407; x_wconf 83' lang='lat' dir='ltr'><strong>in</strong></span> <span class='ocrx_word' id='word_1_137' title='bbox 1999 3346 2282 3408; x_wconf 90' lang='lat' dir='ltr'><strong>Domino</strong></span> <span class='ocrx_word' id='word_1_138' title='bbox 2318 3343 2454 3407; x_wconf 89' lang='lat' dir='ltr'><strong>lau-</strong></span> 
     </span>
     <span class='ocr_line' id='line_1_26' title="bbox 556 3445 2456 3527; baseline -0.001 -17"><span class='ocrx_word' id='word_1_139' title='bbox 556 3446 744 3510; x_wconf 86' lang='lat' dir='ltr'><strong>dibus</strong></span> <span class='ocrx_word' id='word_1_140' title='bbox 774 3445 1317 3524; x_wconf 87' lang='lat' dir='ltr'><strong>commendamus,</strong></span> <span class='ocrx_word' id='word_1_141' title='bbox 1351 3454 1415 3510; x_wconf 90' lang='lat' dir='ltr'><strong>et</strong></span> <span class='ocrx_word' id='word_1_142' title='bbox 1448 3445 1769 3509; x_wconf 87' lang='lat' dir='ltr'><strong>devotioni</strong></span> <span class='ocrx_word' id='word_1_143' title='bbox 1809 3455 2033 3509; x_wconf 87' lang='lat' dir='ltr'><strong>vestrae</strong></span> <span class='ocrx_word' id='word_1_144' title='bbox 2072 3445 2456 3527; x_wconf 83' lang='lat' dir='ltr'><strong>multiplices</strong></span> 
     </span>
     <span class='ocr_line' id='line_1_27' title="bbox 555 3548 2459 3632; baseline -0.002 -17"><span class='ocrx_word' id='word_1_145' title='bbox 555 3550 786 3615; x_wconf 77' lang='lat' dir='ltr'><strong>exinde</strong></span> <span class='ocrx_word' id='word_1_146' title='bbox 840 3550 1191 3632; x_wconf 86' lang='lat' dir='ltr'><strong>gratiarum</strong></span> <span class='ocrx_word' id='word_1_147' title='bbox 1240 3550 1578 3614; x_wconf 83' lang='lat' dir='ltr'><strong>referimus</strong></span> <span class='ocrx_word' id='word_1_148' title='bbox 1627 3550 1928 3628; x_wconf 85' lang='lat' dir='ltr'><strong>actiones,</strong></span> <span class='ocrx_word' id='word_1_149' title='bbox 1977 3548 2459 3612; x_wconf 86' lang='lat' dir='ltr'><strong>universitatem</strong></span> 
     </span>
     <span class='ocr_line' id='line_1_28' title="bbox 551 3653 2454 3736; baseline -0.001 -18"><span class='ocrx_word' id='word_1_150' title='bbox 551 3662 828 3719; x_wconf 86' lang='lat' dir='ltr'><strong>vestram</strong></span> <span class='ocrx_word' id='word_1_151' title='bbox 866 3675 982 3736; x_wconf 89' lang='lat' dir='ltr'><strong>per</strong></span> <span class='ocrx_word' id='word_1_152' title='bbox 1021 3654 1366 3736; x_wconf 90' lang='lat' dir='ltr'><strong>apostolica</strong></span> <span class='ocrx_word' id='word_1_153' title='bbox 1401 3653 1639 3736; x_wconf 86' lang='lat' dir='ltr'><strong>scripta</strong></span> <span class='ocrx_word' id='word_1_154' title='bbox 1665 3660 1987 3736; x_wconf 88' lang='lat' dir='ltr'><strong>rogantes,</strong></span> <span class='ocrx_word' id='word_1_155' title='bbox 2021 3659 2359 3716; x_wconf 89' lang='lat' dir='ltr'><strong>monentes</strong></span> <span class='ocrx_word' id='word_1_156' title='bbox 2389 3659 2454 3716; x_wconf 89' lang='lat' dir='ltr'><strong>et</strong></span> 
     </span>
     <span class='ocr_line' id='line_1_29' title="bbox 553 3755 2453 3838; baseline -0.001 -18"><span class='ocrx_word' id='word_1_157' title='bbox 553 3756 964 3820; x_wconf 87' lang='lat' dir='ltr'><strong>exhortantes</strong></span> <span class='ocrx_word' id='word_1_158' title='bbox 1002 3756 1074 3819; x_wconf 91' lang='lat' dir='ltr'><strong>in</strong></span> <span class='ocrx_word' id='word_1_159' title='bbox 1116 3756 1416 3834; x_wconf 88' lang='lat' dir='ltr'><strong>Domina,</strong></span> <span class='ocrx_word' id='word_1_160' title='bbox 1450 3756 1773 3838; x_wconf 86' lang='lat' dir='ltr'><strong>quatinus,</strong></span> <span class='ocrx_word' id='word_1_161' title='bbox 1806 3755 1970 3819; x_wconf 89' lang='lat' dir='ltr'><strong>sicut</strong></span> <span class='ocrx_word' id='word_1_162' title='bbox 2004 3755 2171 3818; x_wconf 90' lang='lat' dir='ltr'><strong>bene</strong></span> <span class='ocrx_word' id='word_1_163' title='bbox 2212 3762 2277 3819; x_wconf 89' lang='lat' dir='ltr'><strong>et</strong></span> <span class='ocrx_word' id='word_1_164' title='bbox 2316 3755 2453 3818; x_wconf 86' lang='lat' dir='ltr'><strong>lau-</strong></span> 
     </span>
     <span class='ocr_line' id='line_1_30' title="bbox 554 3857 2450 3936; baseline 0.001 -16"><span class='ocrx_word' id='word_1_165' title='bbox 554 3857 852 3922; x_wconf 86' lang='lat' dir='ltr'><strong>dabiliter</strong></span> <span class='ocrx_word' id='word_1_166' title='bbox 879 3857 1248 3936; x_wconf 87' lang='lat' dir='ltr'><strong>inchoastis,</strong></span> <span class='ocrx_word' id='word_1_167' title='bbox 1278 3857 1372 3921; x_wconf 87' lang='lat' dir='ltr'><strong>ita</strong></span> <span class='ocrx_word' id='word_1_168' title='bbox 1400 3858 1480 3921; x_wconf 92' lang='lat' dir='ltr'><strong>de</strong></span> <span class='ocrx_word' id='word_1_169' title='bbox 1510 3864 1723 3922; x_wconf 89' lang='lat' dir='ltr'><strong>cetero</strong></span> <span class='ocrx_word' id='word_1_170' title='bbox 1744 3857 2020 3922; x_wconf 88' lang='lat' dir='ltr'><strong>fideliter</strong></span> <span class='ocrx_word' id='word_1_171' title='bbox 2050 3880 2124 3922; x_wconf 87' lang='lat' dir='ltr'><strong>ac</strong></span> <span class='ocrx_word' id='word_1_172' title='bbox 2153 3866 2450 3923; x_wconf 88' lang='lat' dir='ltr'><strong>constan-</strong></span> 
     </span>
     <span class='ocr_line' id='line_1_31' title="bbox 552 3959 2450 4043; baseline 0.001 -21"><span class='ocrx_word' id='word_1_173' title='bbox 552 3968 653 4022; x_wconf 91' lang='lat' dir='ltr'><strong>ter</strong></span> <span class='ocrx_word' id='word_1_174' title='bbox 682 3967 965 4043; x_wconf 86' lang='lat' dir='ltr'><strong>agentes,</strong></span> <span class='ocrx_word' id='word_1_175' title='bbox 997 3959 1066 4022; x_wconf 88' lang='lat' dir='ltr'><strong>in</strong></span> <span class='ocrx_word' id='word_1_176' title='bbox 1106 3960 1364 4042; x_wconf 88' lang='lat' dir='ltr'><strong>incepto</strong></span> <span class='ocrx_word' id='word_1_177' title='bbox 1401 3960 1728 4043; x_wconf 87' lang='lat' dir='ltr'><strong>proposito</strong></span> <span class='ocrx_word' id='word_1_178' title='bbox 1769 3979 2168 4043; x_wconf 87' lang='lat' dir='ltr'><strong>perseverare</strong></span> <span class='ocrx_word' id='word_1_179' title='bbox 2198 3961 2450 4038; x_wconf 89' lang='lat' dir='ltr'><strong>curetis,</strong></span> 
     </span>
     <span class='ocr_line' id='line_1_32' title="bbox 552 4062 2478 4146; baseline 0.001 -20"><span class='ocrx_word' id='word_1_180' title='bbox 552 4072 619 4126; x_wconf 88' lang='lat' dir='ltr'><strong>et</strong></span> <span class='ocrx_word' id='word_1_181' title='bbox 669 4070 803 4126; x_wconf 87' lang='lat' dir='ltr'><strong>tam</strong></span> <span class='ocrx_word' id='word_1_182' title='bbox 856 4062 1164 4127; x_wconf 86' lang='lat' dir='ltr'><strong>laudabili</strong></span> <span class='ocrx_word' id='word_1_183' title='bbox 1210 4062 1523 4146; x_wconf 88' lang='lat' dir='ltr'><strong>principio</strong></span> <span class='ocrx_word' id='word_1_184' title='bbox 1570 4063 1831 4146; x_wconf 78' lang='lat' dir='ltr'><strong>optimae</strong></span> <span class='ocrx_word' id='word_1_185' title='bbox 1881 4064 2478 4128; x_wconf 75' lang='lat' dir='ltr'><strong>consummationis</strong></span> 
     </span>
     <span class='ocr_line' id='line_1_33' title="bbox 551 4165 2452 4251; baseline 0.001 -22"><span class='ocrx_word' id='word_1_186' title='bbox 551 4167 748 4229; x_wconf 89' lang='lat' dir='ltr'><strong>finem</strong></span> <span class='ocrx_word' id='word_1_187' title='bbox 789 4167 1138 4251; x_wconf 86' lang='lat' dir='ltr'><strong>adjungere</strong></span> <span class='ocrx_word' id='word_1_188' title='bbox 1183 4165 1513 4230; x_wconf 81' lang='lat' dir='ltr'><strong>studeatis,</strong></span> <span class='ocrx_word' id='word_1_189' title='bbox 1606 4166 2005 4230; x_wconf 88' lang='lat' dir='ltr'><strong>Confidimus</strong></span> <span class='ocrx_word' id='word_1_190' title='bbox 2044 4166 2219 4230; x_wconf 89' lang='lat' dir='ltr'><strong>enim</strong></span> <span class='ocrx_word' id='word_1_191' title='bbox 2264 4173 2330 4230; x_wconf 90' lang='lat' dir='ltr'><strong>et</strong></span> <span class='ocrx_word' id='word_1_192' title='bbox 2372 4166 2452 4230; x_wconf 90' lang='lat' dir='ltr'><strong>de</strong></span> 
     </span>
     <span class='ocr_line' id='line_1_34' title="bbox 550 4269 2453 4353; baseline -0.001 -20"><span class='ocrx_word' id='word_1_193' title='bbox 550 4270 868 4334; x_wconf 86' lang='lat' dir='ltr'><strong>immensa</strong></span> <span class='ocrx_word' id='word_1_194' title='bbox 919 4270 1186 4334; x_wconf 91' lang='lat' dir='ltr'><strong>Domini</strong></span> <span class='ocrx_word' id='word_1_195' title='bbox 1237 4270 1527 4335; x_wconf 87' lang='lat' dir='ltr'><strong>bonitate</strong></span> <span class='ocrx_word' id='word_1_196' title='bbox 1579 4292 1929 4353; x_wconf 86' lang='lat' dir='ltr'><strong>speramus,</strong></span> <span class='ocrx_word' id='word_1_197' title='bbox 1980 4270 2150 4352; x_wconf 90' lang='lat' dir='ltr'><strong>quod</strong></span> <span class='ocrx_word' id='word_1_198' title='bbox 2201 4269 2329 4347; x_wconf 88' lang='lat' dir='ltr'><strong>ille,</strong></span> <span class='ocrx_word' id='word_1_199' title='bbox 2383 4269 2453 4330; x_wconf 89' lang='lat' dir='ltr'><strong>in</strong></span> 
     </span>
     <span class='ocr_line' id='line_1_35' title="bbox 551 4369 2452 4455; baseline -0.003 -20"><span class='ocrx_word' id='word_1_200' title='bbox 551 4373 734 4455; x_wconf 91' lang='lat' dir='ltr'><strong>cujus</strong></span> <span class='ocrx_word' id='word_1_201' title='bbox 774 4395 974 4436; x_wconf 86' lang='lat' dir='ltr'><strong>manu</strong></span> <span class='ocrx_word' id='word_1_202' title='bbox 1014 4373 1204 4437; x_wconf 89' lang='lat' dir='ltr'><strong>corda</strong></span> <span class='ocrx_word' id='word_1_203' title='bbox 1247 4393 1473 4455; x_wconf 88' lang='lat' dir='ltr'><strong>regum</strong></span> <span class='ocrx_word' id='word_1_204' title='bbox 1516 4379 1690 4451; x_wconf 90' lang='lat' dir='ltr'><strong>sunt,</strong></span> <span class='ocrx_word' id='word_1_205' title='bbox 1732 4371 2041 4436; x_wconf 88' lang='lat' dir='ltr'><strong>carissimi</strong></span> <span class='ocrx_word' id='word_1_206' title='bbox 2083 4372 2155 4433; x_wconf 89' lang='lat' dir='ltr'><strong>in</strong></span> <span class='ocrx_word' id='word_1_207' title='bbox 2196 4369 2452 4431; x_wconf 86' lang='lat' dir='ltr'><strong>Christo</strong></span> 
     </span>
     <span class='ocr_line' id='line_1_36' title="bbox 550 4470 2456 4560; baseline -0.003 -23"><span class='ocrx_word' id='word_1_208' title='bbox 550 4474 662 4560; x_wconf 82' lang='lat' dir='ltr'><strong>filii</strong></span> <span class='ocrx_word' id='word_1_209' title='bbox 711 4475 981 4540; x_wconf 84' lang='lat' dir='ltr'><strong>Henrici</strong></span> <span class='ocrx_word' id='word_1_210' title='bbox 1023 4474 1291 4539; x_wconf 86' lang='lat' dir='ltr'><strong>illustris</strong></span> <span class='ocrx_word' id='word_1_211' title='bbox 1329 4475 1695 4559; x_wconf 88' lang='lat' dir='ltr'><strong>Anglorum</strong></span> <span class='ocrx_word' id='word_1_212' title='bbox 1738 4474 1907 4558; x_wconf 88' lang='lat' dir='ltr'><strong>regis</strong></span> <span class='ocrx_word' id='word_1_213' title='bbox 1952 4472 2243 4536; x_wconf 90' lang='lat' dir='ltr'><strong>animum</strong></span> <span class='ocrx_word' id='word_1_214' title='bbox 2288 4470 2456 4534; x_wconf 90' lang='lat' dir='ltr'><strong>circa</strong></span> 
     </span>
     <span class='ocr_line' id='line_1_37' title="bbox 549 4572 2455 4660; baseline 0 -21"><span class='ocrx_word' id='word_1_215' title='bbox 549 4577 931 4660; x_wconf 75' lang='lat' dir='ltr'><strong>praedictum</strong></span> <span class='ocrx_word' id='word_1_216' title='bbox 992 4576 1538 4660; x_wconf 87' lang='lat' dir='ltr'><strong>archiepiscopum</strong></span> <span class='ocrx_word' id='word_1_217' title='bbox 1597 4576 1941 4658; x_wconf 89' lang='lat' dir='ltr'><strong>mitigabit,</strong></span> <span class='ocrx_word' id='word_1_218' title='bbox 1995 4575 2089 4637; x_wconf 90' lang='lat' dir='ltr'><strong>ita</strong></span> <span class='ocrx_word' id='word_1_219' title='bbox 2147 4572 2317 4656; x_wconf 88' lang='lat' dir='ltr'><strong>quod</strong></span> <span class='ocrx_word' id='word_1_220' title='bbox 2377 4593 2455 4639; x_wconf 85' lang='lat' dir='ltr'><strong>ex</strong></span> 
     </span>
    </p>
   </div>
  </div>
 </body>
</html>
