3200 5392
792 692 870 755 12
1409 708 1730 753 sunan
1765 709 2065 753 nr1scor1

783 827 855 891 in
895 848 1099 892 annos
1138 825 1466 911 plurimos,
1506 826 1854 911 requiesce,
1895 824 2177 902 comede,
2219 824 2388 904 bibe,
2429 832 2496 890 et
2535 848 2688 909 epu-

784 930 960 996 lare.'
1050 929 1175 995 Cui
1219 928 1523 997 divinitus
1567 929 1814 995 dictum
1857 936 1975 1008 est,
2019 928 2295 1009 ‘Stulte,
2341 928 2461 993 hac
2500 936 2691 997 nocte

786 1033 1070 1098 animam
1114 1040 1295 1097 tuam
1343 1039 1641 1117 repetent
1689 1054 1729 1097 a
1773 1039 1859 1096 te.
1951 1030 2117 1098 Quae
2163 1039 2380 1096 autem
2430 1032 2690 1115 parasti,

783 1138 968 1221 cujus
997 1143 1191 1201 erunt
1206 1136 1261 1198 Ῥ
1327 1135 1416 1201 Et
1446 1135 1500 1200 si
1535 1135 1773 1200 mentis
1802 1135 2019 1200 oculos
2046 1135 2120 1199 in
2147 1135 2378 1199 mundi
2404 1135 2685 1219 plenitu-

785 1238 1023 1319 dinem,
1055 1238 1180 1303 Dei
1210 1238 1441 1323 spiritu
1478 1237 1690 1303 lucem
1730 1237 2159 1317 ministrante,
2191 1237 2689 1321 circumquaque

784 1341 1176 1422 reducimus,
1226 1339 1532 1405 divitibus
1582 1340 1779 1426 hujus
1830 1341 2060 1404 mundi
2111 1340 2431 1404 mundum
2483 1338 2689 1405 abun-

784 1443 938 1508 dare
981 1444 1443 1528 cognoscimus,
1475 1443 1709 1528 quibus
1753 1465 1885 1508 suae
1929 1443 2168 1508 divitiae
2210 1444 2500 1508 fomento
2542 1444 2687 1508 viti-

782 1566 968 1610 orum
1027 1554 1183 1611 sunt
1241 1569 1376 1612 non
1432 1547 1833 1611 incremento
1883 1547 2217 1624 virtutum,
2271 1567 2420 1610 cum
2477 1547 2685 1630 magis

781 1648 1230 1732 possideantur
1272 1649 1353 1713 ab
1393 1649 1495 1713 his
1535 1670 1730 1732 quam
1769 1669 1876 1713 eas
1918 1649 2191 1732 quadam
2236 1649 2436 1714 animi
2479 1651 2687 1714 sancti

783 1751 1122 1816 nobilitate
1164 1751 1551 1836 possideant.
1643 1750 1891 1816 Divites
1920 1750 2309 1835 hujusmodi,
2341 1752 2431 1817 ait
2461 1754 2685 1818 Domi·

783 1877 928 1935 nus,
972 1878 1108 1920 non
1149 1855 1336 1920 facile
1377 1876 1654 1939 regnum
1698 1853 1827 1919 Dei
1871 1856 2230 1939 adepturos,
2262 1863 2325 1919 et
2368 1856 2688 1920 camelum

779 1980 898 2042 per
938 1959 1230 2024 foramen
1273 1979 1424 2023 acus
1468 1957 1713 2023 intrare
1754 1980 1939 2042 posse
1981 1958 2249 2037 facilius,
2285 1980 2475 2042 quam
2516 1959 2687 2043 ipsos

782 2062 853 2126 in
908 2083 1184 2147 regnum
1242 2063 1564 2127 caelorum.
1654 2062 2017 2125 'Premenda
2072 2083 2213 2139 vox,
2266 2069 2331 2125 et
2384 2062 2685 2127 divitibus

781 2165 1152 2250 hujusmodi
1180 2165 1599 2230 exhorrenda.
1692 2165 2018 2243 Gratulor,
2051 2172 2117 2228 et
2155 2172 2333 2229 totus
2373 2166 2534 2229 mihi
2577 2188 2685 2248 ap-

782 2268 1038 2351 plaudo,
1088 2267 1431 2345 carissime,
1487 2266 1659 2349 quod
1717 2266 1988 2331 istorum
2049 2265 2352 2331 abhorres
2404 2268 2683 2346 semitas,

724 2389 729 2395 ’
781 2369 1015 2433 horum
1057 2369 1310 2454 jamdiu
1354 2368 1625 2451 vestigia
1674 2367 2026 2432 declinasti.
2120 2369 2387 2433 Gaudeo
2443 2376 2511 2434 te
2568 2376 2686 2433 tua

782 2472 1065 2556 cogitare
1107 2471 1468 2550 novissima,
1501 2478 1566 2535 et
1609 2471 1772 2535 illud
1814 2472 2161 2556 psalmistae
2204 2473 2441 2536 mentis
2484 2474 2684 2537 oculis

779 2575 1042 2654 intueri,
1089 2579 1110 2610 ‘
1127 2574 1548 2639 Dormierunt
1593 2595 1894 2638 somnum
1938 2596 2151 2654 suum,
2195 2582 2261 2639 et
2305 2575 2469 2639 nihil
2510 2576 2685 2639 inve-

781 2684 1020 2741 nerunt
1072 2677 1364 2741 omnium
1407 2677 1489 2741 vi.
1537 2676 1597 2740 d.
1647 2677 1719 2740 in
1765 2677 2064 2741 manibus
2116 2679 2290 2742 suis?
2381 2677 2513 2745 Qui
2565 2678 2685 2742 sibi

781 2779 1025 2843 credita
1075 2779 1127 2842 si
1172 2778 1447 2843 fideliter
1489 2786 1879 2862 erogassent,
1922 2780 2296 2864 evigilantes
2341 2781 2453 2844 illa
2496 2781 2600 2845 die
2644 2803 2683 2845 a

780 2904 1007 2947 somno
1071 2883 1297 2946 mortis
1382 2883 1513 2946 suis
1565 2882 1703 2946 haec
1769 2884 1842 2947 in
1907 2884 2206 2948 manibus
2263 2883 2679 2948 invenissent.

780 2985 1019 3049 Divina
1046 3007 1197 3049 voce
1228 2986 1474 3050 dictum
1504 2992 1622 3063 est,
1656 2991 1676 3021 ‘
1693 2986 1850 3051 Non
1880 2987 2211 3071 apparebis
2239 3007 2498 3067 vacuus,
2531 2993 2682 3051 ante

780 3095 1197 3174 conspectum
1236 3090 1503 3154 Domini
1541 3089 1667 3154 Dei
1704 3091 1847 3154 tui!
1935 3092 2171 3156 Totum
2204 3091 2374 3176 quod
2402 3091 2683 3156 ecclesiae

780 3192 924 3272 Dei,
975 3192 1146 3277 quod
1203 3193 1591 3278 pauperibus
1652 3191 1733 3255 ad
1791 3214 2070 3274 praesens
2129 3214 2372 3274 erogas,
2418 3194 2531 3256 illa
2581 3193 2684 3257 die

777 3304 1075 3379 paratum
1122 3295 1424 3377 invenies,
1473 3301 1540 3358 et
1588 3292 1760 3376 quod
1812 3293 2003 3355 modo
2048 3291 2230 3374 larga
2273 3293 2685 3359 miseratione

777 3397 1126 3473 distribuis,
1163 3397 1274 3459 illa
1312 3397 1416 3459 die
1456 3395 1740 3457 Domino
1779 3413 1928 3455 cum
1967 3391 2203 3455 fiducia
2240 3395 2677 3475 praesentabis.

780 3496 967 3561 Beati
1026 3496 1217 3559 multi
1269 3502 1423 3559 sunt
1474 3499 1541 3558 et
1593 3493 1934 3575 sapienteS,
1982 3493 2100 3557 hos
2149 3500 2372 3558 tamen
2421 3502 2683 3561 tantum

779 3599 996 3662 beatos
1018 3597 1259 3683 judicu,
1289 3597 1408 3662 hos
1438 3596 1839 3661 solummodo
1868 3598 2208 3681 sapientes,
2242 3598 2353 3681 qui
2382 3621 2687 3664 mansura

780 3723 1032 3784 semper
1068 3701 1241 3765 bona
1279 3700 1502 3764 crebra
1540 3697 1960 3764 meditatione
1999 3700 2428 3781 considerant,
2471 3702 2543 3765 in
2581 3702 2683 3766 his

778 3810 1066 3867 mentem
1105 3810 1438 3887 occupant,
1480 3803 1581 3866 his
1620 3802 1979 3885 invigilant,
2025 3810 2091 3868 et
2137 3805 2274 3868 haec
2317 3813 2394 3869 ut
2442 3813 2682 3889 queant

779 3905 1256 3990 apprehendere
1285 3912 1426 3970 tota
1455 3906 1655 3970 animi
1683 3905 1933 3971 ratione
1960 3915 2376 3992 pertractant.
2453 3908 2681 3984 Cred0,

779 4009 1122 4088 carissime,
1153 4009 1321 4091 patri
1350 4010 1807 4093 complacuisse
1835 4010 1905 4073 in
1934 4018 2022 4075 te.
2091 4010 2290 4093 Spero
2320 4009 2685 4074 columbam

779 4118 1069 4174 sanctam
1114 4132 1257 4194 quae
1300 4132 1492 4195 super
1536 4113 1891 4177 Dominum
1935 4113 2007 4175 in
2052 4113 2094 4176 J
2098 4113 2338 4176 ordane
2385 4112 2681 4195 apparuit

770 4214 910 4298 jam
938 4213 1297 4278 nidificasse
1324 4214 1394 4277 in
1425 4222 1511 4280 te.
1609 4216 1813 4279 Curre
1843 4222 1988 4299 post
2018 4215 2314 4299 spiritum
2345 4215 2456 4299 qui
2484 4215 2683 4278 trahit

776 4323 862 4395 te,
894 4316 1008 4402 qui
1049 4317 1178 4381 suis
1216 4317 1394 4381 intus
1435 4317 1623 4382 bonis
1665 4317 1920 4382 ornabit
1965 4326 2031 4381 te
2077 4325 2141 4380 et
2187 4339 2402 4382 amore
2440 4317 2681 4381 Christi
