3200 5392
705 749 838 811 200
1442 765 1884 809 cmiucontm

704 883 903 948 etiam
963 880 1246 946 seriatim
1306 880 1563 964 singula
1619 878 1952 957 beneficia,
2001 897 2146 961 quae
2195 874 2612 942 contuleratis

708 984 1183 1063 Cantuariensi,
1232 990 1298 1047 et
1350 983 1638 1066 singulos
1689 1001 1998 1059 excessus,
2047 986 2115 1044 et
2163 978 2611 1063 inopportuni-

702 1094 873 1152 tates
921 1109 1080 1172 quas
1138 1094 1366 1151 contra
1422 1092 1701 1151 vestram
1751 1083 2155 1149 commiserat
2206 1082 2611 1164 dignitatem,

706 1196 1050 1273 totumque
1102 1189 1224 1253 hoc
1273 1189 1480 1272 primo
1533 1194 1800 1265 secreto,
1853 1195 2093 1269 postea,
2142 1206 2357 1249 coram
2411 1183 2612 1248 domi-

708 1308 798 1356 no
855 1313 1022 1376 papa
1080 1297 1146 1355 et
1205 1289 1504 1354 omnibus
1563 1288 2019 1366 cardinalibus,
2071 1284 2612 1352 contendentibus

709 1395 908 1458 etiam
961 1400 1188 1457 contra
1238 1412 1347 1456 eos
1398 1391 1769 1455 Alexandro
1810 1390 2125 1454 Wallensi
2182 1397 2249 1454 et
2295 1386 2613 1453 Gunterio

709 1495 1142 1573 Flandrensis,
1203 1494 1448 1558 clericis
1509 1494 2015 1557 Cantuariensis.
2105 1493 2407 1556 Instante
2464 1510 2613 1554 vero

711 1596 941 1681 quinta
988 1595 1150 1659 feria
1206 1602 1360 1659 ante
1417 1595 1674 1678 pascha,
1721 1595 1794 1658 in
1841 1616 1969 1677 qua
2021 1594 2100 1658 de
2149 1591 2614 1658 consuetudine

712 1699 1023 1763 Romanae
1074 1697 1355 1762 ecclesiae
1405 1698 1567 1762 solet
1619 1697 1919 1762 dominus
1975 1718 2142 1781 papa
2189 1693 2443 1779 publice
2501 1692 2613 1757 ab·

710 1800 951 1864 solvere
998 1800 1097 1863 vel
1140 1799 1393 1882 publice
1438 1800 2008 1878 excommunicare,
2055 1819 2203 1863 cum
2246 1796 2403 1861 certi
2447 1815 2613 1859 esse-

709 1924 877 1981 mus,
909 1902 1083 1985 quod
1123 1901 1203 1966 de
1247 1907 1457 1966 vestro
1496 1907 1563 1966 et
1601 1901 1789 1985 regni
1828 1900 2019 1965 vestri
2063 1898 2429 1983 gravamine
2469 1903 2614 1961 tan-

713 2026 908 2090 quam
947 2004 1031 2068 ad
1073 2005 1196 2069 hoc
1234 2004 1422 2088 proni
1461 2003 1821 2068 diutissime
1857 2008 2263 2081 tractassent,
2293 2001 2615 2066 consului-

711 2128 856 2172 mus
886 2128 1015 2186 eos,
1040 2128 1199 2190 quos
1227 2106 1556 2191 majestati
1583 2112 1807 2170 vestrae
1836 2105 2152 2170 fideliores
2182 2104 2615 2188 cognovimus,

713 2209 954 2274 scilicet
1029 2209 1363 2275 dominum
1431 2209 1876 2287 Portuensem,
1936 2208 2272 2272 dominum
2333 2207 2616 2292 Hyacin-

712 2311 923 2390 thum,
965 2312 1299 2376 dominum
1340 2310 1744 2394 Papiensem,
1787 2311 2120 2374 dominum
2158 2310 2615 2388 Tusculanum,

714 2412 1050 2475 dominum
1072 2413 1343 2475 Petrum
1373 2412 1453 2474 de
1483 2412 1714 2492 Mirs0,
1732 2412 2036 2477 dominus
2054 2414 2097 2476 J
2099 2434 2340 2477 oannes
2361 2412 2616 2495 Neapo-

714 2514 957 2578 litanus
1006 2514 1248 2593 aberat,
1298 2535 1446 2579 cum
1499 2515 1678 2578 omni
1728 2516 1943 2581 studio
1993 2523 2059 2580 et
2107 2515 2422 2580 instantia
2471 2536 2617 2579 exo-

717 2622 956 2694 rantes,
990 2623 1068 2680 ut
1105 2615 1292 2680 nobis
1330 2616 1619 2680 animum
1649 2617 1895 2682 domini
1922 2639 2124 2702 papae,
2155 2626 2221 2682 et
2252 2618 2424 2701 quod
2452 2616 2620 2682 circa

716 2740 827 2783 vos
865 2724 1150 2783 statuere
1187 2726 1593 2803 proponeret,
1625 2721 1969 2804 aperirent.
2059 2719 2222 2805 Ipsis
2265 2742 2415 2785 vero
2458 2720 2622 2784 nihil

716 2820 843 2885 nisi
894 2820 1248 2900 sinistrum,
1299 2828 1365 2886 et
1413 2828 1644 2886 vestrae
1695 2823 2062 2888 celsitudini
2115 2824 2619 2906 ignominiosum

713 2925 1220 3008 reportantibus,
1251 2947 1332 2989 ex
1363 2925 1767 3009 singultuosa
1795 2948 2020 2991 eorum
2047 2935 2115 2992 et
2142 2927 2355 2990 fratris
2385 2926 2619 2990 Franci

714 3027 922 3091 fidelis
950 3028 1145 3091 vestri
1172 3029 1484 3093 relatione
1517 3030 1988 3112 praesensimus,
2019 3030 2192 3113 quod
2234 3051 2311 3094 ea
2353 3029 2458 3094 die
2500 3029 2619 3094 im-

712 3128 1115 3194 mutabiliter
1144 3129 1541 3215 disposuerat
1565 3131 1864 3196 dominus
1893 3154 2061 3217 papa
2086 3133 2157 3196 in
2187 3153 2296 3197 vos
2326 3133 2619 3197 nomina„

713 3231 856 3312 tim,
877 3239 942 3298 et
971 3232 1043 3297 in
1070 3239 1276 3298 totam
1306 3241 1546 3299 terram
1574 3241 1851 3298 vestram
1881 3234 2289 3299 cismarinam
2316 3243 2399 3300 et.
2413 3243 2621 3300 trans-

715 3336 1035 3401 marinam
1097 3336 1174 3400 de
1236 3337 1564 3401 communi
1622 3338 1900 3402 fratrum
1957 3338 2220 3402 consilio
2292 3338 2622 3402 interdicti

715 3437 882 3505 ferre
927 3439 1338 3517 sententiam,
1381 3446 1446 3503 et
1490 3460 1654 3520 eam,
1687 3461 1835 3526 quae
1881 3441 1954 3504 in
1997 3442 2175 3525 ipsos
2214 3441 2348 3505 lata
2391 3441 2620 3518 fuerat,

718 3541 1116 3605 confirmare.
1208 3540 1410 3605 Positi
1455 3563 1610 3624 ergo
1653 3543 1726 3606 in
1770 3544 2146 3623 arctissimo,
2187 3544 2364 3607 omni
2408 3542 2621 3606 studio

720 3642 1180 3704 attentavimus
1240 3662 1352 3723 per
1410 3642 1783 3722 cardinales,
1834 3651 1901 3709 et
1952 3666 2067 3728 per
2123 3646 2264 3709 illos
2312 3645 2392 3708 de
2439 3644 2624 3709 sociis

716 3741 975 3820 nostris,
1007 3742 1118 3824 qui
1161 3742 1245 3805 ad
1286 3743 1473 3806 illum
1516 3743 1845 3810 habebant
1889 3767 2231 3826 accessum,
2264 3754 2331 3811 et
2373 3768 2489 3832 per
2529 3747 2624 3811 fa-

717 3841 998 3907 miliares
1043 3863 1212 3921 suos,
1241 3849 1319 3907 ut
1363 3853 1639 3910 cessaret
1684 3846 1765 3911 ab
1809 3848 1931 3912 hoc
1973 3850 2316 3932 proposit0,
2358 3850 2460 3913 vel
2502 3849 2624 3913 sal-

717 3949 855 4007 tem
900 3942 1188 4010 differret
1231 3967 1436 4031 usque
1484 3949 1566 4011 ad
1615 3949 1963 4015 adventum
2007 3952 2449 4035 episcoporum
2491 3972 2626 4015 ves-

717 4053 989 4111 trorum.
1080 4046 1274 4115 Quod
1320 4071 1520 4133 quum
1572 4052 1754 4115 nullo
1796 4053 1989 4118 modo
2034 4053 2174 4118 fieri
2221 4060 2458 4137 posset,
2506 4075 2626 4118 nos

720 4150 887 4214 sicut
917 4150 1120 4230 decet,
1154 4158 1220 4216 et
1264 4153 1430 4218 sicut
1461 4153 1783 4218 debitores
1824 4155 2004 4220 vobis
2049 4178 2292 4235 sumuS,
2338 4177 2627 4241 personae

720 4260 947 4318 vestrae
977 4253 1271 4333 dedecuS,
1302 4262 1368 4319 et
1396 4256 1598 4319 totius
1629 4263 1820 4321 terrae
1847 4265 2073 4324 vestrae
2102 4281 2452 4342 gravamen
2491 4280 2628 4322 sus-

719 4353 928 4419 tinere
956 4377 1089 4421 non
1119 4357 1424 4435 valentes,
1455 4377 1576 4421 nec
1604 4356 1932 4439 debentes,
1965 4361 2233 4427 tandem
2262 4361 2625 4427 convocatis
