3200 5392
693 767 826 830 264
1370 785 1684 829 scemam
1721 787 1989 831 sauss.

693 902 899 967 filium
949 900 1207 966 irruisse
1253 901 1690 981 innocentem,
1735 901 2150 981 immeritum,
2195 923 2331 967 non
2375 910 2606 969 contu-

690 1026 959 1085 macem,
989 1026 1126 1069 non
1154 1003 1369 1084 tertio,
1400 1027 1536 1070 non
1565 1004 1869 1085 secund0,
1900 1004 2015 1069 sed
2052 1026 2175 1070 nec
2213 1007 2413 1073 semel
2445 1008 2602 1072 cita-

691 1119 858 1190 tum,
888 1115 966 1174 ut
1008 1108 1390 1194 praedictum
1434 1114 1553 1187 est,
1591 1107 1949 1188 absentem,
1993 1108 2427 1191 indefensum,
2472 1130 2605 1176 non

697 1213 1083 1292 confessum,
1125 1234 1260 1282 non
1299 1210 1665 1278 convictum
1704 1210 2184 1294 condemnasse,
2216 1219 2293 1278 ut
2330 1219 2608 1279 vestram

703 1316 1118 1404 prudentiam
1145 1315 1527 1400 praeteriisse
1554 1314 1850 1379 videatur
1876 1314 2039 1380 illud
2064 1316 2396 1401 Gregorii:
2432 1317 2614 1401 Saepe

702 1422 774 1486 in
809 1418 1126 1485 solvendis
1167 1438 1242 1482 ac
1279 1416 1558 1501 ligandis
1598 1415 1873 1481 subditis
1914 1438 2047 1482 suae
2084 1418 2435 1483 voluntatis
2474 1439 2609 1483 mo-

702 1530 831 1603 tus,
889 1544 1025 1586 non
1083 1526 1302 1585 autem
1353 1540 1694 1585 causarum
1745 1518 1977 1584 merita
2026 1520 2317 1605 sequitur
2372 1526 2609 1604 pastor,

705 1627 931 1711 sicque
965 1624 1105 1709 ipsa
1145 1622 1391 1707 ligandi
1437 1628 1632 1707 atque
1679 1622 1967 1688 solvendi
2011 1629 2328 1707 potestate
2372 1643 2439 1687 se
2482 1622 2611 1706 pri-

710 1737 835 1810 vat,
865 1730 980 1813 qui
1020 1728 1188 1792 hanc
1226 1749 1344 1812 pro
1373 1749 1490 1792 sua
1518 1727 1869 1809 voluntate,
1898 1750 2035 1793 non
2063 1750 2180 1812 pro
2208 1726 2615 1792 subditorum

712 1831 996 1898 moribus
1026 1836 1298 1910 exercet,
1330 1830 1440 1915 qui
1482 1850 1637 1913 erga
1677 1831 2029 1914 quemlibet
2066 1831 2430 1915 proximum
2469 1829 2619 1894 odio

709 1936 811 2002 vel
841 1934 1049 2020 gratia
1075 1940 1389 2000 movetur.
1483 1934 2042 2000 Considerandum
2074 1942 2233 2014 erat,
2266 1934 2439 2020 quod
2469 1932 2617 1998 sub-

704 2041 911 2125 jectos
957 2058 1195 2121 magno
1243 2036 1680 2101 moderamine
1723 2043 2010 2121 pastores
2053 2037 2297 2103 solvere
2342 2036 2621 2102 debeant

713 2143 814 2207 vel
854 2142 1078 2225 ligare.
1166 2139 1461 2223 Dignum
1500 2145 1640 2205 erat
1684 2141 1995 2205 memoria
2034 2139 2198 2204 illud
2226 2140 2622 2224 Augustini:

717 2245 985 2330 Coepisti
1026 2243 1263 2309 habere
1301 2244 1569 2308 fratrem
1611 2249 1804 2308 tuum
1842 2249 2156 2327 tanquam
2183 2243 2632 2328 publicanum,

716 2350 880 2432 ligas
919 2369 1070 2412 eum
1109 2347 1182 2411 in
1218 2354 1412 2426 terra,
1443 2346 1558 2412 sed
1595 2353 1675 2412 ut
1708 2347 1885 2432 juste
1924 2347 2165 2431 alliges,
2197 2347 2360 2412 vide.
2449 2348 2625 2412 Nam

717 2452 962 2534 injusta
983 2450 1236 2514 vincula
1265 2449 1646 2536 dirumpunt
1681 2450 2023 2535 justitiam.
2118 2450 2308 2515 Scitis
2338 2450 2485 2534 quia
2514 2449 2625 2533 qui

721 2554 877 2619 dicit
899 2553 1149 2637 justum
1178 2552 1515 2638 injustum,
1548 2560 1663 2618 aut
1693 2554 1805 2637 qui
1834 2554 2150 2637 injustum
2174 2554 2443 2639 justum,
2475 2552 2628 2617 abo-

720 2654 1045 2721 minabilis
1073 2661 1346 2739 uterque
1375 2662 1493 2720 est.
1553 2656 1825 2721 Avertat
1856 2655 2179 2722 Dominus
2210 2679 2250 2721 a
2276 2662 2457 2741 patre
2486 2676 2634 2720 meo

722 2768 789 2825 et
820 2757 1100 2839 dominc,
1129 2779 1216 2823 ne
1247 2757 1404 2842 quid
1432 2757 1556 2822 sibi
1591 2758 1673 2823 de
1710 2757 2182 2824 Pharisaeorum
2212 2764 2498 2823 assumat
2527 2779 2636 2821 su-

725 2862 1005 2949 percilio,
1035 2868 1113 2927 ut
1156 2862 1258 2928 vel
1302 2862 1569 2927 damnet
1609 2862 2047 2942 innocentem,
2077 2862 2181 2927 vel
2209 2861 2449 2927 solvere
2478 2883 2634 2926 nox-

725 2968 865 3032 ium
922 2966 1290 3031 arbitretur.
1381 2966 1573 3051 Legit
1625 2967 1933 3032 sanctitas
1983 2973 2195 3032 vestra
2240 2968 2322 3032 de
2369 2965 2640 3051 leprosis

728 3075 1120 3156 praeceptum
1172 3091 1329 3150 esse,
1380 3077 1452 3135 ut
1513 3091 1581 3135 se
1633 3070 1980 3136 ostendant
2032 3069 2505 3137 sacerdotibus:
2568 3075 2638 3134 et

729 3174 783 3238 si
824 3174 1070 3257 lepram
1114 3172 1481 3252 habuerint,
1518 3180 1679 3238 tunc
1725 3195 1765 3238 a
1808 3173 2137 3239 sacerdote
2180 3173 2412 3238 mundi
2452 3174 2636 3238 fiant.

733 3276 920 3341 Prius
957 3276 1258 3342 habenda
1296 3282 1433 3342 erat
1471 3276 1709 3342 notitia
1749 3275 2151 3357 delictorum,
2184 3277 2506 3342 audienda
2534 3297 2636 3340 va-

730 3382 926 3445 rietas
969 3388 1397 3464 peccatorum,
1428 3380 1660 3445 exinde
1702 3380 2040 3464 ligandum
2084 3387 2199 3446 aut
2243 3379 2638 3446 solvendum.
2759 3467 2762 3470 Ι

733 3486 950 3549 Nemo
978 3485 1172 3564 enim,
1197 3493 1271 3549 ut
1302 3484 1392 3549 ait
1417 3486 1786 3568 Gregorius,
1809 3506 2209 3569 praepropere
2237 3486 2337 3549 vel
2364 3504 2640 3567 praepos-

734 3596 892 3667 tere,
941 3587 1178 3653 scilicet
1225 3610 1360 3653 non
1407 3589 1837 3654 commonitus
1888 3609 2099 3673 neque
2146 3588 2489 3665 convictus,
2539 3591 2639 3651 est

730 3691 1136 3775 judicandus,
1184 3690 1438 3756 dicente
1490 3692 1656 3755 sixto
1704 3714 1872 3776 papa
1890 3718 1910 3756 ι
1966 3692 2226 3756 Incerta
2274 3710 2466 3754 nemo
2518 3711 2641 3753 un-

740 3812 932 3872 quam
990 3791 1370 3873 pontificum
1439 3792 1732 3876 judicare
1802 3799 2166 3878 praesumat,
2225 3799 2291 3858 et
2354 3792 2645 3877 quamvis

740 3908 890 3952 vera
929 3888 1080 3967 sint,
1111 3909 1246 3952 non
1284 3895 1506 3955 tamen
1546 3892 1872 3958 credenda
1906 3900 2079 3973 sunt,
2110 3893 2240 3958 nisi
2276 3913 2419 3976 quae
2456 3892 2647 3956 certis

739 3990 996 4056 indiciis
1055 3992 1575 4075 comprobantur,
1622 3995 1751 4059 nisi
1796 4018 1940 4082 quae
1988 3997 2330 4061 manifeste
2387 3995 2649 4061 convin-

738 4101 999 4173 cuntur,
1031 4095 1157 4160 nisi
1188 4101 1331 4181 quae
1353 4097 1693 4182 judiciario
1732 4100 1956 4165 ordine
1994 4099 2428 4184 publicantur.
2519 4099 2648 4163 De-

743 4199 961 4284 nique,
1021 4208 1206 4283 pater
1261 4202 1646 4282 venerande,
1705 4223 1791 4267 ne
1847 4203 2089 4267 factam
2156 4202 2652 4289 appellationem

744 4303 1042 4386 prosequi
1099 4304 1575 4387 compellamur,
1637 4326 1766 4388 qua
1822 4327 2161 4390 possumus
2220 4313 2288 4371 et
2346 4304 2654 4370 debemus

746 4408 1115 4474 humilitate
1177 4409 1506 4474 sanctitati
1565 4416 1791 4476 vestrae
1850 4411 2140 4478 devotius
2200 4410 2656 4499 supplicamus,
