3200 5392
566 865 700 910 Aa).
741 845 1133 936 1161—89.]
1335 862 1685 946 armi-omi.
2341 852 2471 914 289

564 981 750 1064 regni
777 981 905 1045 mei
932 1003 1057 1065 pax
1095 982 1241 1047 ilico
1268 982 1662 1063 turbaretur,
1695 990 1763 1047 et
1796 983 2062 1048 ecclesia
2088 986 2292 1068 regni,
2325 1007 2469 1069 quae

486 1085 491 1092 ’
565 1084 730 1147 nihil
748 1095 751 1098 '
768 1084 898 1148 tale
933 1090 1276 1164 meruerat,
1313 1084 1554 1168 absque
1600 1083 1931 1149 audientia
1973 1085 2056 1149 ad
2097 1084 2289 1148 falsas
2332 1085 2470 1169 ejus

566 1186 1010 1268 suggestiones
1038 1186 1210 1250 tanti
1237 1186 1406 1251 mole
1450 1185 1838 1272 gravaminis
1876 1186 2361 1270 opprimeretur,
2393 1194 2470 1252 ut

565 1287 827 1372 quidam
857 1288 1278 1374 suspensioni,
1304 1289 1566 1373 quidam
1589 1289 1989 1354 anathemati
2019 1290 2294 1374 subjecti
2317 1291 2467 1369 sint,

563 1412 765 1474 quum
789 1391 843 1454 si
867 1392 1253 1456 defensionis
1277 1390 1402 1455 sibi
1424 1391 1617 1455 detur
1637 1391 2105 1475 opportunitas,
2133 1413 2199 1456 se
2222 1392 2317 1456 nil
2338 1394 2469 1458 tale

562 1494 890 1573 meruisse,
914 1496 1182 1580 juvante
1211 1494 1513 1573 Domino,
1544 1515 1662 1577 per
1690 1495 1909 1559 omnia
1945 1494 2217 1578 probare
2259 1498 2470 1579 parati

562 1597 714 1661 sint.
806 1597 1002 1663 Unde
1043 1598 1372 1663 sanctitati
1401 1603 1629 1662 vestrae
1664 1597 1930 1662 devotus
1967 1598 2272 1682 supplico,
2302 1605 2379 1662 ut
2416 1600 2470 1664 si

563 1720 705 1782 quae
734 1708 908 1779 sunt,
940 1708 1055 1766 aut
1084 1723 1220 1765 esse
1247 1707 1521 1784 possunt
1551 1721 1706 1783 erga
1732 1722 1838 1765 me
1865 1701 2154 1784 pristinae
2183 1701 2468 1765 caritatis

561 1804 867 1888 reliquiae,
913 1806 1304 1871 sententiam
1348 1805 1536 1888 regni
1577 1805 1708 1869 mei
1751 1806 2038 1890 personis
2080 1806 2468 1889 impositam,

561 1927 776 1971 amore
797 1907 1072 1990 justitiae
1100 1920 1391 1992 meaeque
1418 1906 1749 1990 petitionis
1776 1907 2021 1971 intuitu
2050 1908 2368 1988 relaxetis,
2401 1916 2467 1973 et
2517 1925 2522 1932 ·

561 2008 617 2071 si
662 2009 803 2092 quis
847 2009 1148 2073 adversus
1193 2030 1300 2073 eas
1339 2009 1666 2092 querelam
1713 2030 1905 2092 super
1948 2030 2352 2094 quacumque
2395 2032 2466 2076 re

559 2111 848 2189 moverit,
898 2132 1157 2176 causam
1209 2117 1324 2175 aut
1370 2132 1485 2194 per
1528 2132 1660 2190 vos,
1708 2119 1821 2175 aut
1870 2132 1986 2195 per
2037 2134 2197 2196 quos
2241 2121 2468 2178 vestrae

559 2212 930 2277 discretioni
980 2212 1292 2298 placuerit
1343 2212 1742 2292 examinetis,
1793 2220 1870 2276 ut
1920 2213 1994 2276 in
2036 2214 2181 2296 jure
2230 2235 2347 2297 pro
2398 2236 2466 2279 se

561 2315 830 2399 quisque
880 2316 1282 2400 respondeat,
1335 2322 1402 2381 et
1456 2315 1830 2401 judicialem
1882 2316 2220 2395 calculum,
2274 2338 2466 2401 quem

558 2418 866 2483 meruisse
906 2407 1339 2498 convincetur,
1371 2418 1663 2503 excipiat.
1755 2416 1903 2482 Hoc
1943 2418 2052 2482 alii
2090 2440 2225 2483 non
2268 2440 2464 2502 nega-

556 2522 732 2587 retis.
843 2522 1040 2588 Quod
1084 2522 1140 2587 si
1189 2522 1351 2585 mihi
1404 2529 1717 2605 negatum
1767 2520 1984 2600 fuerit,
2033 2521 2246 2586 dicam
2291 2523 2465 2606 quod

557 2625 761 2705 doleo,
785 2625 937 2710 quia
964 2626 1167 2689 nimia
1192 2646 1297 2689 me
1327 2625 1664 2689 severitate
1692 2624 2018 2707 repellitis,
2043 2631 2109 2689 et
2138 2624 2464 2709 abjectum

556 2727 890 2812 reputatis.
952 2727 1203 2792 Caetera
1229 2725 1645 2809 praesentium
1674 2726 1865 2789 latori
1897 2726 2203 2809 magistro
2233 2726 2461 2807 David,

559 2851 753 2914 quem
774 2829 936 2893 mihi
964 2829 1435 2895 commendavit
1465 2828 1673 2910 gratia
1694 2828 1873 2892 vobis
1900 2829 2265 2893 intimanda
2291 2850 2464 2896 com-

557 2932 722 3011 misi,
755 2953 949 3017 quem
986 2932 1039 2995 si
1077 2930 1238 2994 mihi
1281 2931 1729 3014 compatiendo
1769 2931 2202 3010 exaudieritis,
2234 2952 2463 3015 corpus

555 3056 776 3099 meum
805 3034 983 3098 vobis
1013 3040 1079 3098 et
1108 3033 1411 3111 animam,
1442 3043 1637 3117 quam
1674 3034 1812 3118 jam
1840 3033 2187 3117 periclitari
2221 3041 2461 3114 metuo,

556 3137 698 3202 Deo
727 3157 1100 3201 conservare
1137 3137 1448 3221 poteritis.
1537 3134 1773 3201 Valeat
1805 3144 1871 3201 et
1915 3137 2046 3200 suis
2077 3136 2462 3202 exorabilem

555 3260 625 3303 se
654 3240 936 3323 praebeat
966 3240 1274 3304 sanctitas
1304 3246 1532 3319 vestra,
1562 3246 1766 3324 pater.

704 3543 1150 3609 EPISTOLA
1194 3544 2185 3609 COCGLXXXIX.-nmsnnu
2219 3566 2309 3608 An

1356 3668 1664 3711 EUNDEM.

1031 3800 1295 3862 Domino
1312 3819 1499 3879 papoe
1530 3797 1811 3860 dominus
1838 3818 1972 3860 γεω.

638 3950 871 4014 Novu·
914 3949 1178 4014 ecclesia
1207 3950 1501 4013 Romana
1544 3970 1622 4012 ex
1667 3949 1862 4031 longo
1902 3947 2210 4031 temporis
2244 3955 2458 4013 tractu

550 4059 859 4136 quantam
886 4051 1252 4115 libertatem
1281 4059 1715 4117 antecessores
1755 4052 1961 4115 nostri
1997 4051 2167 4116 circa
2195 4051 2456 4116 institu-

551 4156 762 4219 tiones
797 4152 1207 4218 ecclesiarum
1244 4152 1611 4234 habuerint,
1650 4176 1843 4238 quam
1887 4176 2006 4220 nos
2048 4155 2295 4219 intuitu
2333 4156 2457 4219 Dei

554 4262 621 4319 et
663 4273 928 4337 precum
956 4259 1313 4316 vestrarum
1349 4253 1740 4332 interventu,
1773 4254 2128 4318 secundum
2166 4252 2455 4316 admoni-

552 4358 764 4422 tiones
814 4353 1272 4420 venerabilium
1331 4356 1613 4420 virorum
1666 4356 1987 4440 Al[berti]
2050 4362 2115 4419 et
2166 4354 2266 4417 Th
2279 4354 2455 4438 [eod-

551 4460 730 4544 wini]
797 4459 1158 4543 legatorum
1215 4465 1442 4524 vestrae
1510 4459 1874 4556 sanctitatis
1941 4458 2043 4527 ad.
2082 4458 2453 4542 aequit-atem

637 4590 742 4624 on..
766 4588 878 4624 ron.
924 4587 1038 4621 vos..
1066 4587 1123 4621 11.
1475 4581 1522 4625 U
