3200 5392
755 801 889 867 260
1321 818 1607 865 ncham
1640 815 2098 863 ch‘rAvasls

762 934 994 1000 divinas
1036 932 1301 998 lectioni
1329 933 1441 998 det
1471 953 1753 1017 operam,
1783 953 2009 996 verum
2036 936 2113 994 ut
2141 930 2266 995 hoc
2293 931 2429 1011 fiat,
2460 938 2669 1015 pater-

758 1060 914 1103 nam
953 1037 1177 1102 audire
1214 1042 1539 1102 mereatur
1579 1035 2106 1113 admonitionem,
2140 1040 2207 1098 et
2252 1035 2418 1099 sicut
2456 1036 2672 1118 ipsum

762 1141 846 1207 ad
888 1142 1012 1206 hoc
1056 1140 1417 1227 specialiter
1461 1140 1721 1224 deput0,
1752 1145 1829 1205 ut
1863 1139 2090 1203 vestris
2124 1138 2464 1222 vigilanter
2492 1139 2671 1203 obse-

765 1244 933 1328 quiis
976 1243 1311 1323 inhaereat,
1356 1249 1625 1325 totaque
1668 1242 1930 1307 insudet
1974 1242 2329 1321 devotione,
2374 1263 2490 1326 pro
2534 1264 2672 1307 mo-

764 1347 919 1413 dulo
949 1369 1066 1413 suo
1094 1347 1263 1412 vices
1293 1352 1545 1411 nostras
1587 1351 1870 1424 acturus,
1899 1344 1995 1408 ita
2031 1344 2103 1408 in
2142 1345 2379 1411 laboris
2418 1352 2484 1409 et
2523 1345 2675 1409 fidei

766 1450 1012 1516 devotae
1051 1449 1409 1535 praemium,
1440 1448 1728 1513 caritatis
1766 1447 1954 1513 nobis
1994 1447 2296 1514 exhibitae
2335 1449 2571 1514 sentiat
2606 1454 2674 1513 et

764 1553 1023 1618 laetetur
1051 1573 1119 1617 se
1149 1573 1286 1618 esse
1314 1550 1714 1636 participem.
1773 1551 2026 1616 Valete.

796 1798 1239 1927 EPtsfroLA
1283 1853 2137 1919 CCCCLXIX.—-chnn1
2172 1873 2642 1919 nouvmusls
2700 1920 2715 1929 ς

1451 1978 1988 2022 Ancmnncom.

1293 2110 1707 2174 Pictavieneis
1735 2111 2181 2174 archidiaconi.

864 2262 1006 2328 Qm
1038 2259 1282 2326 fuerint
1320 2260 1515 2345 primi
1552 2261 1780 2325 nuncii
1815 2260 2005 2344 regis,
2037 2266 2105 2325 et
2145 2259 2257 2345 qui
2295 2260 2581 2339 secundi,
2611 2265 2677 2324 et

775 2365 931 2449 quid
974 2372 1113 2429 tam
1155 2364 1245 2444 hi,
1278 2387 1473 2449 quam
1515 2365 1614 2428 illi
1655 2365 2139 2449 postulaverint,
2172 2371 2239 2429 et
2277 2366 2595 2449 quomodo
2639 2388 2678 2429 a

515 2456 533 2553 ζ
658 2545 668 2554 .
776 2467 957 2532 curia
1000 2466 1401 2547 recesserint,
1448 2466 1570 2531 sub
1619 2488 1696 2532 ea
1742 2489 1869 2551 qua
1913 2475 2137 2552 potero
2181 2468 2493 2531 brevitate
2537 2489 2680 2551 per-

779 2569 1115 2652 stringam.
1204 2569 1409 2632 Primi
1445 2569 1626 2633 missi
1665 2575 1819 2633 sunt
1850 2570 1893 2633 J
1896 2591 2135 2634 oannes
2165 2569 2417 2649 Cumin,
2449 2577 2515 2634 et
2544 2592 2680 2634 ma-

778 2672 979 2757 gister
1008 2670 1219 2735 David
1258 2671 1341 2735 ad
1379 2671 1733 2755 petendum
1775 2672 2241 2737 absolutionem
2281 2679 2348 2737 et
2387 2673 2683 2739 relaxati-

779 2795 972 2839 onem
1002 2774 1464 2858 episcoporum.
1559 2773 1688 2838 Sed
1720 2774 1763 2837 J
1765 2795 2006 2839 oannes
2037 2775 2275 2840 Cumin
2302 2777 2479 2861 prius
2510 2778 2682 2841 venit

782 2876 865 2941 ad
894 2875 1159 2956 curiam,
1191 2882 1258 2941 et
1286 2877 1420 2941 fere
1451 2875 1816 2960 quindecim
1854 2877 2078 2941 diebus
2107 2878 2180 2941 in
2209 2899 2304 2958 ea,
2337 2886 2684 2963 antequam

781 2980 991 3045 David
1020 2980 1286 3060 veniret,
1312 2986 1379 3044 et
1407 2987 1553 3065 post
1582 2981 1858 3045 multam
1886 2981 2266 3046 instantiam
2296 3004 2477 3046 suam
2508 2982 2685 3066 prius

780 3084 955 3147 facta
998 3083 1417 3167 promissione
1465 3083 1968 3167 quingentarum
2015 3106 2381 3150 marcarum
2427 3087 2687 3152 auditus

781 3192 899 3266 est,
932 3186 1338 3252 adstantibus
1368 3208 1517 3251 cum
1553 3207 1631 3252 eo
1661 3193 1727 3251 et
1754 3188 2107 3272 plurimum
2137 3190 2577 3275 allegantibus,
2607 3190 2688 3254 ad

783 3291 1259 3356 excusationem
1288 3290 1731 3375 episcoporum
1758 3292 2002 3359 cleficis
2031 3293 2455 3360 Eboracensis
2486 3295 2686 3361 archi-

785 3394 1081 3485 episcopi,
1110 3402 1177 3458 et
1203 3394 1443 3459 nuncio
1472 3395 1952 3460 Dunelmensis.
2038 3397 2128 3461 Et
2157 3399 2347 3464 credo
2376 3400 2548 3483 quod
2589 3421 2690 3464 re-

784 3502 1150 3583 portassent
1180 3496 1650 3562 absolutionem
1688 3497 1817 3562 nisi
1855 3500 2322 3582 supervenisset
2357 3521 2580 3564 rumor
2609 3501 2690 3565 de

785 3605 995 3663 morte
1026 3597 1500 3683 archiepiscopi,
1527 3600 1639 3682 qui
1668 3601 1887 3665 omnia
1916 3601 2293 3686 denigravit.
2375 3603 2484 3666 Ita
2512 3604 2690 3667 enim

787 3701 1202 3784 perturbatus
1247 3708 1344 3766 est
1390 3703 1688 3767 dominus
1733 3725 1918 3788 papa,
1965 3705 2135 3788 quod
2179 3726 2300 3769 nec
2346 3705 2544 3770 etiam
2593 3707 2696 3770 sui

789 3802 924 3890 fere
974 3824 1089 3886 per
1131 3809 1276 3867 octo
1321 3803 1455 3867 dies
1500 3825 1653 3869 cum
1696 3826 1772 3870 eo
1815 3812 2167 3890 potuerunt
2216 3807 2454 3873 habere
2500 3809 2694 3873 collo-

793 3902 1035 3986 quium.
1124 3904 1214 3968 Et
1259 3906 1645 3987 generaliter
1685 3908 2106 3975 interdictum
2151 3918 2268 3992 est,
2311 3932 2397 3977 ne
2434 3913 2715 3997 Anglici.

792 4002 878 4068 ad
916 4024 1067 4067 eum
1104 4003 1419 4070 haberent
1458 4027 1805 4074 accessum·
1893 4011 1984 4077 Et
2024 4033 2334 4097 suspensa
2368 4021 2523 4080 sunt
2561 4037 2695 4080 om-

794 4106 907 4171 nia
934 4127 1159 4172 eorum
1186 4110 1467 4192 negotia.
1560 4112 1844 4177 Secundi
1873 4115 2100 4179 nuncii
2125 4117 2391 4182 fuerunt
2421 4118 2699 4205 episcopi

797 4211 1246 4295 Wigornensis
1290 4219 1357 4277 et
1399 4214 1826 4296 Ebroicensis,
1858 4224 1924 4281 et
1961 4217 2159 4283 abbas
2190 4220 2271 4285 de
2298 4220 2606 4301 Wallace,
2637 4228 2704 4287 et

800 4316 1231 4381 archidiaconi
1265 4316 1783 4399 saresberiensis,
1817 4326 1883 4384 et
1928 4321 2360 4403 Lexoviensis‚
2392 4331 2459 4389 et
2500 4324 2702 4391 ‹lomi-

800 4440 932 4482 nus-
956 4420 1280 4485 Robertus
1311 4420 1391 4484 de
1419 4422 1609 4487 Novo
1653 4423 1895 4508 Burgo,
1928 4432 1993 4490 et
2026 4426 2340 4492 Ricardus
2385 4429 2605 4509 Barre,
2637 4437 2703 4493 et
