3200 5392
764 785 897 846 244
1451 838 1456 845 .
1484 800 1948 843 ΕΡιεοοΡοῐιυΜ

764 938 879 1000 per
921 936 1328 981 communem
1376 914 1655 978 amicum
1702 921 1999 978 nostrum
2051 915 2386 981 dominum
2434 917 2671 983 Henri-

762 1041 912 1084 cum
942 1019 1253 1083 Pisanum
1283 1018 1446 1081 mihi
1475 1017 1729 1101 plenius
1758 1019 2152 1082 innotuerat.

851 1121 1160 1188 Quamvis
1192 1125 1408 1184 autem
1438 1119 1742 1202 praefatus
1774 1119 1971 1183 abbas
1997 1128 2063 1183 et
2087 1121 2489 1185 discretionis
2521 1143 2669 1199 suae,

762 1232 830 1290 et
874 1223 1201 1308 religionis
1244 1222 1514 1300 intuitu,
1548 1243 1804 1286 necnon
1845 1230 1908 1285 et
1947 1222 2256 1307 obsequii,
2288 1225 2359 1288 in
2390 1246 2518 1308 quo
2546 1224 2671 1288 illis

761 1327 1062 1410 frequens
1093 1324 1385 1403 deservit,
1417 1325 1488 1387 in
1518 1325 1698 1388 curia
1725 1325 2072 1408 plurimum
2104 1327 2323 1409 possit,
2357 1327 2413 1389 si
2451 1334 2670 1390 tamen

761 1429 1205 1513 praeceperitis,
1253 1434 1319 1490 et
1367 1427 1664 1510 expedire
1716 1427 1919 1510 magis
1968 1428 2145 1492 vobis
2191 1428 2502 1507 videatur,
2549 1451 2669 1492 nec

760 1533 884 1596 tibi
924 1530 1403 1595 detrahentium
1443 1529 1719 1612 linguaS,
1762 1550 1883 1593 nec
1923 1531 1979 1614 ej
1990 1553 2082 1609 ηε,
2126 1531 2291 1613 apud
2336 1551 2527 1612 quem
2560 1531 2667 1594 de-

760 1634 1059 1711 trahitur,
1101 1632 1426 1695 molestias
1466 1628 1706 1708 vereor,
1749 1651 1869 1694 nec
1915 1631 2004 1694 sic
2050 1637 2162 1694 aut
2204 1630 2488 1694 laborem
2530 1652 2665 1695 cor-

761 1736 933 1821 poris
978 1735 1314 1812 declinare,
1360 1739 1474 1797 aut
1519 1720 1885 1817 sumptibus
1929 1755 2187 1817 parcere
2233 1755 2465 1816 quaere,
2509 1734 2665 1817 quin

761 1840 843 1904 ad
890 1838 1180 1903 mandati
1231 1836 1422 1901 vestri
1467 1837 1812 1919 imperium
1856 1836 1926 1899 in
1974 1858 2248 1920 persona
2288 1837 2543 1920 propria
2587 1837 2666 1901 ad

760 1941 903 2006 illos
935 1941 1340 2020 adscendam,
1371 1941 1536 2004 nihil
1565 1940 1819 2005 difficile
1850 1940 1932 2004 ad
1959 1940 2245 2005 laborem
2277 1941 2667 2019 existimanS,

759 2045 831 2109 in
885 2068 1010 2129 quo
1069 2045 1292 2108 matris
1345 2065 1505 2108 meae
1560 2050 1801 2108 sanctae
1849 2043 2329 2107 cantuariensis
2388 2045 2670 2109 ecclesiae

758 2148 1153 2213 utilitatibus
1198 2148 1511 2213 deservire
1556 2146 1815 2230 possim.
1905 2145 2048 2210 Nec
2090 2155 2208 2226 est,
2253 2155 2329 2211 ut
2373 2148 2536 2211 mihi
2580 2148 2667 2211 vi-

760 2252 969 2330 detur,
1004 2251 1175 2334 quod
1217 2251 1296 2314 de
1340 2250 1600 2332 urgenti
1642 2248 1888 2313 domini
1930 2271 2113 2333 papae
2157 2250 2465 2314 mandato
2505 2250 2670 2314 circa

755 2352 1273 2417 benedicendum
1319 2353 1526 2416 sancti
1553 2352 1910 2434 Augustini
1953 2350 2254 2416 abbatem
2299 2375 2492 2435 supra
2530 2374 2662 2415 mo-

757 2456 915 2519 dum
961 2455 1268 2538 conqueri
1312 2454 1637 2532 debeatis;
1686 2454 1961 2517 maxime
2001 2475 2147 2517 cum
2189 2454 2512 2536 adjectum
2558 2454 2660 2532 sit,

758 2557 925 2622 sicut
963 2558 1198 2640 accepi,
1230 2557 1402 2640 quod
1446 2556 1500 2620 si
1541 2556 1638 2620 illi
1682 2557 1952 2620 ulterius
1983 2555 2353 2620 benedicere
2383 2577 2664 2621 cessave-

756 2660 919 2737 ritis,
964 2660 1100 2743 ipse
1149 2661 1208 2723 ei
1255 2659 1335 2723 ad
1384 2681 1453 2723 se
1498 2660 1784 2724 venienti
1830 2659 2286 2723 benedicturus
2334 2658 2436 2722 sit.
2526 2662 2666 2726 Aut

755 2763 957 2845 igitur
987 2762 1164 2827 vobis
1206 2763 1289 2827 ad
1326 2764 1839 2846 prosecutionem
1866 2762 2030 2847 juris
2060 2763 2254 2826 vestri
2282 2763 2530 2846 patebit
2561 2785 2665 2828 ex-

757 2866 954 2929 eundi
997 2866 1279 2944 libertaS,
1330 2873 1444 2929 aut
1490 2865 1545 2928 si
1590 2873 1728 2930 tam
1775 2865 2119 2929 manifeste
2167 2873 2405 2949 negata
2446 2867 2659 2933 fuerit,

757 2968 1070 3052 quidquid
1117 2969 1237 3032 sub
1284 2975 1420 3032 tam
1468 2968 1811 3030 manifesta
1855 2967 2274 3050 impressione
2319 2969 2452 3047 fiet,
2499 2975 2659 3033 tem-

755 3092 909 3154 pore
938 3078 1198 3155 accepto
1237 3093 1351 3153 pro
1391 3070 1633 3134 infecto
1660 3069 1883 3133 haberi
1922 3070 2177 3152 poterit.
2270 3071 2663 3136 Commoneo

757 3181 975 3239 autem
1021 3175 1429 3237 sanctitatem
1473 3180 1770 3250 vestram,
1816 3179 1892 3235 ut
1940 3193 2088 3235 cum
2140 3175 2507 3257 supradicto
2554 3174 2662 3239 ab·

754 3277 905 3342 bate
943 3276 1424 3342 Pontiniacensi
1463 3278 1564 3339 vel
1600 3275 1672 3338 in
1712 3296 1983 3358 persona
2012 3282 2239 3353 vestra,
2271 3277 2325 3339 si
2355 3277 2474 3341 sub
2503 3299 2660 3361 prae-

753 3386 940 3443 textu
970 3400 1177 3442 causae
1205 3385 1430 3441 vestrae
1468 3376 1539 3440 in
1575 3384 1788 3460 partes
1822 3377 2180 3441 Galliarum
2212 3380 2528 3457 veneritis,
2560 3381 2660 3442 vel

754 3492 927 3546 certe
970 3503 1083 3564 per
1125 3480 1340 3544 literas
1384 3487 1645 3557 vestraS,
1689 3479 1743 3542 si
1787 3480 2066 3543 exeun'di
2108 3480 2478 3544 facultatem
2521 3502 2656 3545 non

754 3584 1140 3667 acceperitis»,
1175 3582 1544 3647 ulteriorem
1582 3582 1815 3645 ineatis
1852 3582 2385 3646 familiaritatem:
2434 3604 2655 3666 quam-

751 3688 844 3749 vis
892 3694 1027 3750 tam
1075 3707 1213 3767 ego,
1258 3707 1450 3768 quam
1491 3686 1849 3749 communis
1895 3687 2134 3748 amicus
2176 3691 2412 3763 noster,
2457 3686 2656 3750 abbas

751 3787 1044 3850 videlicet
1085 3787 1164 3849 de
1206 3787 1391 3849 stella
1430 3785 1630 3865 Isaac,
1662 3795 1739 3851 ut
1780 3788 2152 3852 continuam
2186 3787 2380 3850 vestri
2417 3788 2656 3853 habeat

753 3889 1192 3952 sanctissimus
1239 3889 1346 3952 ille
1392 3897 1747 3953 conventus
1792 3890 2300 3955 Pontiniacensis
2346 3891 2418 3955 in
2466 3893 2657 3957 orati-

751 3991 982 4056 onibus
1029 3990 1158 4054 suis
1210 3990 1603 4070 memoriam,
1654 4000 1828 4056 recte
1879 3993 2378 4075 procuravimus.
2468 3996 2656 4060 Inve-

751 4093 943 4159 nietis
985 4116 1236 4177 quoque
1277 4101 1343 4157 et
1383 4095 1655 4158 eandem
1697 4094 1958 4157 domum
1998 4096 2392 4160 utilitatibus
2428 4098 2655 4161 vestris

750 4199 944 4262 etiam
1005 4196 1465 4280 temporalibus
1525 4197 1840 4260 deservire
1899 4205 2211 4280 paratam,
2274 4198 2328 4261 si
2397 4221 2654 4264 necesse

748 4301 961 4365 fuerit.
1052 4299 1388 4362 Industria
1430 4298 1604 4360 enim
1652 4304 1716 4360 et
1762 4298 2105 4362 sanctitate
2152 4300 2501 4383 supradicti
2547 4302 2656 4365 ab-

749 4402 918 4468 batis
959 4402 1060 4465 sui
1104 4400 1403 4464 omnibus
1435 4398 1874 4463 Cisterciensis
1916 4400 2158 4465 ordinis
2199 4401 2474 4466 abbatiis
2512 4404 2656 4487 plus
