3200 5392
644 890 779 932 As).
816 868 1209 950 1161—89.]
1310 889 1644 931 nmsroLAE
1678 890 2000 939 QUAEDAM.
2422 872 2541 933 141

641 1013 706 1070 et
737 1006 951 1070 animo
983 1004 1473 1088 gloriabuntur.·
1527 1005 1668 1069 Nos
1700 1005 1874 1070 enim
1903 1005 1974 1068 in
2003 1005 2104 1068 his
2136 1011 2201 1069 et
2234 1005 2372 1069 aliis
2403 1028 2544 1070 suc-

639 1108 920 1196 cessibus
942 1108 1168 1171 vestris
1192 1107 1443 1170 caritati
1464 1113 1692 1176 vestrae
1714 1106 1919 1170 modis
1943 1106 2242 1171 omnibus
2265 1128 2542 1190 congau-

641 1210 887 1288 denteS,
912 1217 1048 1274 tam
1078 1216 1154 1273 ut
1182 1210 1524 1291 praeteritae
1545 1209 1888 1293 petitiones
1911 1215 2136 1273 vestrae
2158 1211 2542 1275 mandaren-

637 1321 748 1376 tur
778 1313 1052 1390 effectui,
1086 1334 1277 1395 quam
1309 1312 1505 1375 etiam
1536 1318 1610 1375 ut
1641 1334 1876 1378 munus
1917 1319 2153 1376 nostrae
2184 1313 2542 1377 dilectionis

636 1415 983 1478 liberalitas
1032 1421 1242 1478 vestra
1287 1414 1656 1496 susciperet,
1708 1421 2040 1496 gratanter
2090 1415 2436 1494 effecimuS,
2476 1422 2540 1479 et

634 1538 748 1599 per
784 1516 1017 1580 harum
1058 1517 1330 1580 latorem
1369 1516 1585 1578 viridis
1631 1509 1858 1579 coloris
1898 1516 2306 1594 examictum,
2342 1538 2540 1600 ¹quem

633 1619 804 1682 inter
834 1619 990 1683 alios
1034 1618 1170 1701 ipse
1210 1618 1425 1700 elegit,
1458 1617 1634 1681 vobis
1681 1618 2018 1695 mittimuS,
2059 1618 2336 1700 reliquos
2380 1640 2538 1700 pan-

633 1743 751 1785 nos
797 1722 1049 1785 sericos.
1139 1722 1228 1783 Et
1274 1741 1693 1803 quaecumque
1738 1720 1910 1804 apud
1959 1742 2077 1785 nos
2124 1728 2277 1784 sunt
2315 1728 2539 1786 vestrae

635 1824 1002 1907 prudentiae
1048 1830 1459 1906 exponenteS,
1495 1824 1707 1905 parati
1752 1844 2001 1905 semper
2035 1845 2151 1906 pro
2180 1824 2356 1889 vobis
2401 1825 2533 1888 effi-

635 1948 796 2003 cere,
830 1948 971 2009 quae
1001 1933 1227 1989 vestrae
1259 1927 1389 1989 sint
1418 1925 1813 1989 fraternitati
1844 1934 2123 2009 accepta.

644 2028 840 2110 [Vide
883 2034 943 2090 et
987 2029 1278 2107 epistolas
1322 2028 1478 2090 duas
1523 2030 1612 2091 ad
1646 2029 1971 2093 Albertum
2014 2037 2074 2093 et
2111 2032 2537 2096 Theodwinum

724 2130 1042 2211 directas]

749 2432 1187 2498 EPISTOLA
1233 2433 2034 2499 OOCCIII.--w11,1,m,m
2068 2456 2419 2499 PAPIENSIS

1270 2558 1361 2599 An
1395 2558 1892 2600 ALuxANDRUM.

962 2690 1227 2751 Domino
1248 2709 1436 2771 papae
1476 2687 1815 2752 Willelmus·
1844 2689 2190 2771 Papiensis.

716 2840 1043 2917 Exrnnrr,
1076 2839 1443 2903 beatissime
1486 2847 1687 2923 pater,
1721 2846 1786 2904 et
1824 2840 2098 2922 quadam
2145 2840 2392 2905 ratione
2436 2845 2529 2904 te-

629 2962 879 3016 nemur,
921 2948 995 3005 ut
1037 2942 1460 3018 devotionem,
1512 2963 1707 3024 quam
1757 2942 1829 3004 in
1874 2943 2099 3004 vestris
2147 2948 2213 3005 et
2253 2942 2532 3006 ecclesiae

627 3043 776 3106 filiis
813 3043 1213 3107 evidentibus
1263 3043 1627 3127 experimur
1666 3044 1941 3123 indiciis,
1976 3044 2321 3127 apostolica
2350 3044 2529 3108 celsi-

628 3145 789 3209 tudo
817 3152 1039 3209 nostra
1068 3146 1536 3228 significatione
1567 3153 1934 3229 cognoscat,
1969 3154 2285 3228 quatenus
2318 3154 2384 3210 et
2412 3168 2532 3211 nos

630 3246 820 3311 officii
871 3246 1088 3310 debita
1131 3248 1585 3329 persolvamuS,
1641 3254 1706 3311 et
1757 3270 1869 3312 vos
1928 3249 2158 3312 talium
2220 3250 2531 3312 fidelitate

629 3355 956 3431 comperta
1004 3349 1176 3431 ipsos
1220 3349 1571 3436 ‘specialius
1634 3349 1934 3431 diligatis.
2050 3349 2273 3414 Quum
2330 3350 2532 3433 igitur

624 3452 1055 3517 venerabilem
1090 3452 1356 3516 fratrem
1403 3457 1699 3515 nostrum
1730 3450 2250 3515 Londoniensem
2290 3441 2528 3536 episco-

624 3578 782 3640 pum
829 3555 1215 3638 apostolatui
1253 3562 1463 3618 vestro
1508 3561 1574 3618 et
1618 3555 1930 3618 universae
1977 3554 2256 3618 ecclesiae
2290 3555 2417 3618 Dei
2458 3556 2530 3618 in

625 3657 925 3721 omnibus
973 3657 1273 3721 devotum
1314 3663 1380 3720 et
1423 3656 1680 3721 fidelem
1726 3656 2132 3736 senserimus,
2163 3657 2375 3739 ipsum
2419 3680 2527 3742 pa-

624 3760 920 3824 ternitati
949 3766 1173 3823 vestrae
1219 3760 1518 3823 duximus
1564 3760 1879 3823 attentius
1923 3755 2527 3839 commendandum,

624 3886 708 3929 ne
769 3887 900 3929 suae
966 3863 1349 3929 sinceritatis
1410 3864 1717 3928 meritum
1745 3883 1750 3888 “
1774 3864 2034 3947 penitus
2092 3871 2433 3927 evacuetur
2491 3887 2530 3928 a

627 3968 849 4050 gratia.
943 3967 1198 4051 Quippe
1245 3968 1380 4050 ipse
1434 3975 1548 4045 est,
1598 3967 1708 4050 qui
1750 3967 2009 4030 liberius
2052 3967 2226 4031 inter
2269 3974 2527 4032 caeteros

623 4094 844 4156 regem
889 4075 1120 4155 arguit,
1153 4073 1551 4151 exhortatur,
1585 4080 1652 4137 et
1695 4074 2002 4157 increpat,
2046 4094 2165 4137 nec
2208 4074 2367 4138 adeo
2411 4094 2529 4156 pro

625 4173 908 4236 veritatis
939 4195 1070 4237 suae
1096 4181 1354 4239 veretur
1383 4175 1767 4256 constantia,
1801 4176 1959 4257 quin
1988 4196 2237 4258 semper
2268 4197 2417 4238 eum
2448 4176 2529 4238 ad

626 4276 891 4339 meliora
916 4284 1215 4358 ‘provocet
1245 4285 1310 4340 et
1341 4278 1626 4353 reducat,
1658 4283 1723 4339 et
1752 4276 1877 4339 nisi
1915 4283 2060 4339 tant
2069 4297 2175 4338 um
2215 4276 2528 4337 hactenus

625 4378 985 4456 restitisset,
1032 4399 1133 4442 res
1184 4380 1408 4462 utique
1454 4388 1667 4464 posset
1719 4380 1791 4443 in
1850 4379 2165 4443 deteriora
2222 4377 2524 4459 demergi.

631 4483 704 4545 Si
735 4488 952 4546 autem
984 4483 1156 4565 apud
1183 4489 1539 4547 vestrarum
1569 4483 1823 4546 aurium
1848 4480 2309 4545 sublimitatem
2337 4480 2533 4544 fuerit
