3200 5392
15 0 3191 243 —

15 870 27 1151 Ι
562 942 698 986 Aa).
736 923 1129 1006 1161—89.]
1230 942 1730 986 nonnomansls
1764 941 2115 985 Erlsromn.
2374 923 2459 985 39

558 1057 740 1140 copia
783 1057 1192 1122 commendat
1238 1057 1320 1121 ad
1359 1057 1655 1140 gratiam,
1690 1063 1768 1120 ut
1812 1052 1985 1140 qu'od
2028 1055 2152 1119 alio
2196 1062 2456 1138 petente

558 1160 736 1242 cupit
767 1160 1036 1242 assequi,
1068 1160 1238 1223 inid
1267 1161 1350 1224 sit
1379 1161 1515 1243 ipse
1530 1166 1793 1243 propter
1822 1180 1890 1223 se
1920 1159 2155 1242 dignus
2177 1159 2453 1223 admitti.

557 1261 771 1327 Quem
823 1283 971 1326 cum
1015 1283 1200 1346 prece
1245 1271 1467 1327 nostra
1510 1262 1807 1347 juveritis
1859 1283 2174 1346 opemque
2218 1261 2340 1325 sibi
2382 1262 2454 1324 in

16 1320 23 1457 i
553 1365 934 1428 necessitate
978 1365 1398 1442 contuleritis,
1431 1373 1497 1428 et
1538 1366 1753 1448 ipsum
1793 1364 2049 1428 servitio
2085 1364 2452 1442 obnoxium,

549 1471 614 1529 et
643 1488 761 1530 nos
790 1466 969 1531 vobis
997 1467 1321 1551 amplioris
1352 1467 1574 1549 gratiae
1606 1465 1923 1530 debitores
1953 1467 2257 1530 efficietis.

901 1826 1345 1895 EPISTOL'A
1390 1830 1837 1896 ocelle-An
1873 1877 2094 1894 .....

645 1980 721 2043 81
755 1981 835 2044 de
865 1989 1076 2045 vestra
1102 1982 1171 2044 in
1201 2002 1322 2046 nos
1342 1981 1789 2046 benevolentia
1811 1982 2211 2059 confidimus,
2233 1989 2458 2046 nostra

550 2104 687 2146 non
731 2082 800 2146 id
852 2083 1119 2165 exigunt
1171 2103 1324 2166 erga
1367 2105 1477 2147 vos
1521 2085 1772 2161 merita,
1818 2084 1931 2147 sed
1974 2091 2276 2167 operatur
2318 2084 2453 2147 sola

552 2189 764 2247 vestra
791 2182 1142 2247 liberalitas
1179 2191 1245 2245 et
1289 2184 1514 2266 gratia.
1603 2185 1740 2248 Vos
1768 2192 1991 2249 tamen
2023 2185 2094 2248 id
2121 2206 2238 2267 pro
2278 2192 2453 2248 certo

550 2307 740 2350 nosse
771 2286 1083 2365 volumus,
1118 2287 1289 2369 quod
1324 2287 1579 2350 servitio
1610 2294 1821 2351 vestro
1857 2288 2073 2351 animo
2112 2287 2453 2370 promptis-

551 2388 714 2452 simo
741 2389 951 2471 parati
981 2410 1222 2452 sumus.
1314 2388 1503 2452 Idem
1534 2409 1682 2454 vero
1713 2389 1792 2452 de
1837 2389 2047 2471 gratia
2073 2394 2286 2452 vestra
2314 2408 2452 2470 spe-

547 2497 786 2569 rantes,
812 2491 1158 2555 affectuose
1188 2512 1509 2573 rogamus,
1533 2498 1610 2555 ut
1640 2492 1976 2574 negotium
2007 2490 2195 2554 amici
2225 2490 2450 2567 nostri,

543 2594 962 2675 praesentium
990 2594 1231 2671 latoris,
1254 2593 1337 2656 R.
1360 2594 1707 2677 diligenter
1728 2595 2025 2672 audiatiS,
2051 2601 2116 2657 et
2145 2592 2307 2656 illud
2338 2614 2452 2676 per

544 2696 874 2759 servitium
916 2719 1105 2761 suum
1147 2697 1319 2780 apud
1364 2698 1446 2760 D.
1483 2719 1706 2780 regem
1748 2697 2201 2780 promovendo,
2233 2718 2351 2759 nos
2382 2704 2449 2760 et

546 2798 784 2862 servitii
813 2806 879 2863 et
910 2799 1136 2882 gratiae
1166 2798 1488 2863 debitores
1517 2799 1831 2863 habeatis·
1921 2797 2174 2862 Valete.

878 3164 1320 3227 EPISTOLA
1366 3163 1853 3227 CCCIII.—-An
1890 3210 2111 3227 .....

635 3310 975 3376 Quorum(
1019 3312 1348 3392 generatio
1390 3312 1646 3388 transit,
1686 3319 1752 3374 et
1798 3311 2127 3392 generatio
2166 3310 2445 3388 advenit,

545 3420 612 3477 et
644 3413 813 3497 quod
845 3435 884 3476 a
911 3412 1398 3476 transeuntibus
1429 3413 1675 3493 geritur
1715 3434 1753 3474 a
1783 3412 2291 3488 succedentibus,
2322 3411 2450 3473 nisi

546 3516 736 3579 certis
788 3514 1041 3578 indiciis
1101 3514 1436 3592 elucescat,
1490 3521 1706 3576 ratum
1766 3535 1900 3576 non
1958 3520 2239 3589 tenetur,
2291 3512 2451 3576 utile

545 3617 844 3681 duximus
873 3638 1092 3681 rerum
1129 3623 1456 3698 gestarum
1497 3616 1690 3679 series
1720 3616 2054 3679 literarum
2082 3614 2452 3678 testimonio

545 3727 612 3783 et
657 3720 851 3802 sigilli
893 3719 1309 3803 impressione
1353 3720 1750 3782 confirmare.
1847 3718 2067 3782 Sciant
2112 3738 2265 3799 ergo
2306 3716 2448 3779 uni-

486 3864 493 3868 -
546 3821 749 3884 versi:

630 3915 1001 3987 Infortunio
1059 3909 1417 4004 pauperum
1486 3922 1836 3986 amicorum
1899 3921 2136 3984 affectu
2194 3921 2449 4004 pietatis

548 4024 1076 4090 condescendere.

637 4126 829 4189 Sacro
857 4124 1183 4208 proposito
1210 4125 1480 4188 firmiter
1510 4125 1852 4189 adhaerere.

633 4228 991 4292 Perfectam
1021 4227 1432 4293 dilectionem
1461 4248 1611 4291 cum
1644 4226 1863 4291 debita
1892 4226 2308 4311 subjectione.

635 4328 851 4410 Magis
881 4349 1133 4412 sperare
1161 4329 1232 4391 in
1263 4328 1544 4392 Domino
1575 4349 1770 4414 quam
1799 4331 1870 4391 in
1898 4329 2177 4392 homine.

634 4430 831 4513 Apud
860 4432 1075 4494 Deum
1105 4430 1396 4515 adoptari
1425 4431 1496 4495 in
1526 4433 1754 4496 filium.

638 4531 1083 4615 Satagendum
1112 4532 1299 4596 nobis
1330 4538 1428 4596 est
1448 4539 1514 4596 et
1537 4530 2017 4616 procurandum
2047 4528 2337 4606 sollicite,
2369 4548 2454 4590 ne
