3200 5392
760 788 846 850 68
1376 807 1776 850 AnexANnm
1815 806 1999 851 urm

759 931 904 987 tum
933 924 1002 987 in
1036 922 1221 1008 nobis
1250 929 1367 1002 est,
1401 944 1516 1006 pro
1546 922 1803 987 defectu
1826 922 2100 1008 justitiae
2127 930 2398 1006 cogatur
2427 923 2667 987 diutius

765 1025 1075 1103 laborare,
1106 1024 1218 1089 sed
1249 1025 1517 1109 quisque
1558 1024 1659 1088 sui
1695 1025 1861 1110 juris
1900 1045 2016 1108 per
2052 1031 2339 1089 nostram
2381 1024 2672 1089 obtineat

761 1128 1256 1192 sollicitudinem
1316 1127 1882 1210 complementum.
1973 1127 2261 1190 Veniens
2314 1134 2532 1190 autem
2584 1127 2668 1191 ad

764 1229 970 1293 nostri
1015 1228 1408 1313 apostolatus
1453 1229 1862 1311 praesentiam
1909 1226 2182 1291 dilectus
2229 1226 2398 1289 filius
2451 1234 2671 1290 noster

763 1330 1069 1413 magister
1111 1330 1218 1392 W.
1272 1329 1352 1393 dc
1400 1329 1577 1413 Lega
1622 1328 1790 1392 lator
1835 1327 2270 1411 praesentium,
2320 1350 2437 1391 sua
2482 1327 2670 1391 nobis

762 1431 1073 1496 relatione
1125 1432 1435 1514 exposuit,
1486 1431 1658 1514 quod
1709 1430 1896 1495 bonoe
1947 1431 2273 1495 memoriae
2318 1431 2669 1509 Walterus,

766 1533 918 1597 olim
959 1532 1409 1597 Coventrensis
1453 1532 1805 1616 episcopua,
1851 1553 1965 1616 per
2008 1530 2245 1595 librum
2291 1538 2356 1595 et
2401 1553 2670 1595 aureum

767 1635 1083 1699 annulum
1132 1636 1213 1699 de
1261 1635 1785 1699 archidiaconatu
1831 1634 2169 1717 Deyberiae
2220 1655 2367 1698 cum
2417 1634 2547 1697 suis
2594 1633 2670 1696 li-

769 1736 1148 1816 bertatibus,
1186 1757 1335 1800 eum
1375 1737 1683 1801 canonice
1727 1735 2069 1814 investivit,
2103 1742 2297 1819 atque
2337 1737 2672 1800 concessit.

770 1838 986 1917 Unde,
1041 1838 1344 1922 quoniam
1406 1861 1547 1923 quae
1607 1859 1646 1902 a
1703 1838 2010 1902 statribus
2071 1838 2307 1902 nostris
2366 1837 2672 1920 episcopis

767 1940 1237 2005 rationabiliter
1265 1941 1667 2018 ordinantur,
1698 1941 1990 2004 volumus
2019 1941 2325 2004 firmitate
2360 1939 2675 2004 immobili

765 2061 1161 2125 permanere,
1193 2041 1583 2106 fraternitati
1623 2049 1848 2106 vestrae
1892 2063 2007 2124 per
2050 2043 2399 2126 apostoliea
2438 2043 2672 2125 scripta

766 2143 1166 2224 mandamus,
1215 2145 1519 2228 quatinus
1563 2144 1619 2206 si
1663 2145 1856 2229 hujus
1901 2146 2167 2209 assertio
2210 2147 2476 2210 veritate
2521 2146 2672 2209 sub-

766 2247 954 2326 sistit,
1031 2247 1337 2311 dilatione
1408 2252 1658 2310 remota
1730 2245 2010 2309 eundem
2083 2247 2672 2310 archidiaconatum

766 2368 915 2411 cum
967 2348 1374 2429 pertinentiis
1422 2347 1553 2409 suis
1599 2347 1905 2427 praedicto
1956 2347 2265 2427 magistro
2317 2344 2686 2411 exhibeatis

767 2454 833 2511 et
892 2447 1248 2529 assignetis.
1341 2446 1531 2512 Quod
1591 2447 1646 2508 si
1704 2469 1874 2509 unus
1931 2454 2234 2526 vestrum,
2288 2448 2672 2515 imminente

766 2548 1164 2628 necessitate,
1226 2548 1377 2611 huic
1437 2548 1699 2630 negotio
1759 2550 2136 2632 exequendo
2194 2572 2329 2615 non
2387 2553 2671 2635 potuerit

767 2652 1095 2730 interesse,
1137 2651 1301 2714 alter
1346 2651 1417 2714 in
1465 2671 1658 2715 causa
1701 2652 1839 2734 ipsa
1881 2652 2299 2718 nihilominus
2345 2655 2668 2739 procedat.

769 2753 942 2821 Data
970 2753 1320 2832 Ferentini,
1353 2753 1633 2817 calendis
1666 2754 1982 2818 Octobris.

768 3075 1210 3141 EPISTOLA
1248 3076 2047 3142 CCCXLVI.—nmsnnm
2077 3096 2171 3139 An
2200 3097 2555 3141 molvAonos
2584 3098 2671 3142 ΕΤ

911 3197 1278 3243 omomoos
1307 3199 1434 3242 Pnn
1461 3198 1800 3243 emron.
1834 3199 2024 3244 rnov.
2056 3197 2522 3267 oons‘rrro'roa

769 3331 1130 3394 Alexander
1157 3331 1475 3413 episeopus
1501 3349 1715 3394 servus
1741 3350 2057 3393 servorum
2083 3331 2225 3407 Dei,
2258 3331 2499 3393 dilectae
2509 3330 2675 3412 filiis

855 3433 1159 3496 universis
1186 3434 1501 3496 monachis
1530 3437 1594 3495 et
1623 3433 1933 3495 canonicis
1959 3433 2347 3514 repulerim
2361 3453 2485 3513 per
2512 3435 2670 3496 Can-

859 3534 1230 3596 tuariensem
1261 3535 1655 3613 provinciam
1698 3534 2068 3612 constitutis,
2113 3536 2373 3599 salutem
2420 3540 2482 3598 et
2527 3556 2674 3617 apo-

857 3635 1139 3697 stolicam
1170 3633 1659 3698 benedictionem.

863 3783 1078 3848 Quum
1124 3782 1348 3848 deceat
1391 3805 1510 3848 nos
1553 3785 1904 3849 commodis
1949 3792 2015 3851 et
2058 3787 2374 3852 fructibus
2421 3789 2674 3853 ecclesi-

773 3904 958 3948 arum
1006 3884 1379 3969 frequenter
1426 3886 1783 3967 intendere,
1836 3888 2023 3953 nobis
2070 3911 2473 3974 summopere
2520 3911 2672 3955 con-

660 4038 667 4042 .
768 3996 1002 4069 gruere
1049 3986 1464 4071 dignoscitur,
1512 3996 1589 4053 ut
1642 3992 1923 4056 ecclesiae
1969 3992 2481 4059 ordinationibus
2531 4001 2671 4058 toto

771 4088 986 4154 studio
1029 4090 1462 4171 intendamus,
1493 4100 1559 4156 et
1602 4114 1688 4157 ne
1731 4094 2112 4160 inordinatae
2153 4104 2551 4175 remaneant,
2584 4097 2672 4159 vi-

746 4192 966 4276 gilem
995 4210 1216 4257 curam
1247 4200 1440 4277 atque
1471 4196 1969 4260 sollicitudinem
1999 4197 2439 4265 adhibeamus.
2503 4199 2672 4263 Inde

769 4300 869 4357 est
920 4295 1093 4377 quod
1143 4295 1542 4359 universitati
1594 4304 1822 4362 vestrae
1873 4320 1986 4381 per
2038 4300 2384 4383 apostolica
2436 4301 2675 4384 scripta

763 4395 1166 4479 mandamus,
1199 4405 1273 4462 ut
1303 4398 1371 4461 in
1404 4400 1704 4479 ecclesiiS,
1736 4401 1804 4463 in
1838 4400 2069 4484 quibus
2105 4404 2669 4486 praesentationem
