3200 5392
35 0 3171 229 —

556 912 688 956 Aa).
727 895 1119 978 1161-89.]
1221 916 1721 986 LONDONlENsis
1756 915 2106 957 unsa-omi.
2385 896 2465 956 13

552 1035 838 1117 perfecto
879 1035 1112 1101 ditabit
1151 1044 1238 1103 te.
1332 1037 1536 1121 Cujus
1578 1058 1759 1102 amor
1794 1045 1981 1101 verus
2028 1037 2080 1100 si
2126 1036 2339 1119 tangit
2378 1042 2465 1114 te,

554 1137 608 1201 si
636 1139 805 1222 rapit
834 1146 921 1218 te,
955 1140 1009 1202 si
1040 1138 1341 1204 absorbet
1369 1146 1458 1219 te,
1487 1139 1722 1204 levabit
1761 1147 1830 1204 te
1862 1141 2053 1224 juxta
2086 1139 2467 1223 prophetam

552 1252 745 1325 super
787 1249 874 1320 te,
918 1242 1069 1325 quia
1114 1263 1306 1327 super
1350 1243 1764 1307 altitudinem
1808 1243 2072 1307 extollet
2116 1252 2203 1307 te.
2298 1242 2467 1306 Scri-

550 1344 748 1408 bendi
786 1346 908 1409 tibi
948 1353 1178 1410 nactus
1218 1346 1640 1427 occasionem,
1670 1347 1776 1410 vix
1814 1369 1920 1411 me
1956 1346 2242 1425 cohibe0,
2275 1345 2465 1409 caris-

553 1469 732 1511 s1me.

752 1714 756 1721 ,
812 1650 1256 1715 EPISTOLA
1301 1616 1869 1716 ocinum-in
1901 1672 2212 1755 numm«.

565 1801 912 1864 Venerabili
932 1802 1199 1865 ‚domino
1244 1808 1305 1865 et
1350 1802 1548 1865 amico
1593 1803 1936 1881 carissimo,
1968 1803 2048 1865 R.
2082 1803 2292 1866 comiti
2320 1804 2465 1867 Lei-

591 1958 595 1966 .
639 1905 894 1982 cestriae,
939 1901 1159 1984 frater
1210 1905 1286 1967 G.
1339 1905 1787 1969 Londoniemis
1843 1907 2111 1970 ecclesioe
2167 1907 2465 1985 minister,

638 2008 899 2103 salutem
929 2029 1060 2089 quae
1088 2029 1252 2071 nunc
1279 2014 1392 2087 est,
1423 2015 1485 2072 et
1514 2030 1700 2090 quam
1734 2029 2054 2090 speramus
2090 2030 2131 2072 a
2170 2010 2465 2073 Domino.

642 2159 1037 2222 meonma
1067 2159 1255 2223 facile
1287 2159 1515 2223 suadet
1544 2160 1855 2242 paucitas,
1888 2181 2038 2224 cum
2080 2161 2164 2224 ad
2206 2161 2466 2225 exaudi·
2513 2200 2518 2201 ff

436 2328 445 2335 „
558 2263 799 2327 endum
840 2271 1140 2348 prompta
1177 2271 1276 2328 est
1313 2260 1514 2348 ipsius
1554 2264 1639 2327 ad
1678 2285 1868 2347 quem
1911 2265 2232 2344 scribitur,
2264 2267 2469 2330 amica

555 2366 944 2449 benignitas.
1034 2368 1137 2431 De
1187 2366 1367 2431 vobis
1417 2367 1638 2450 itaque
1697 2387 1812 2450 per
1862 2367 2081 2430 omnia
2138 2374 2467 2450 sperantes

555 2469 815 2551 optime,
861 2469 1129 2533 caritate
1174 2468 1264 2533 sic
1308 2469 1692 2533 exhortante
1737 2468 2139 2552 confidimuS,
2170 2477 2248 2533 ut
2295 2470 2467 2534 unde

552 2573 941 2636 recurrimus
985 2573 1068 2637 ad
1115 2594 1244 2650 vos,
1295 2572 1367 2635 in
1414 2573 1538 2636 hoc
1580 2572 1904 2656 repulsam
1951 2572 2219 2636 minime
2266 2574 2463 2637 senti-

554 2696 757 2739 amus.
846 2676 910 2739 A
940 2676 1336 2740 sublimitate
1365 2682 1580 2739 vestra
1610 2676 1693 2739 ad
1724 2674 2047 2757 quendam
2082 2676 2462 2740 canonicum

552 2784 848 2841 nostrum
878 2785 945 2842 et
975 2778 1255 2842 amicum
1292 2777 1737 2841 Baldewinum
1783 2778 2063 2852 nomine,
2095 2777 2299 2842 literae
2326 2800 2462 2842 ves-

552 2885 669 2944 trae
709 2881 1035 2945 citationis
1066 2881 1316 2945 emissae
1346 2887 1520 2958 sunt,
1552 2887 1629 2943 ut
1671 2880 1844 2963 apud
1881 2880 2356 2944 oxenefordam
2393 2881 2464 2944 in

551 2990 874 3046 conventu
916 2984 1226 3066 proximo,
1272 2989 1659 3066 praesentem
1701 3005 1771 3046 se
1815 2983 1993 3046 vobis
2038 2981 2358 3059 exhibeat,
2397 2990 2488 3046 et—

551 3085 806 3149 cuidam
835 3086 1085 3150 homini
1123 3094 1253 3150 suo'
1281 3093 1347 3150 et
1388 3085 1521 3150 fere
1560 3084 1823 3163 rusticO,
1857 3085 1937 3149 de
1967 3107 2100 3155 non
2130 3085 2464 3149 observata

550 3188 849 3269 pactione
894 3187 1170 3271 quadam
1214 3189 1388 3252 inter
1415 3189 1607 3271 ips08,
1638 3195 1716 3251 ut
1752 3188 1998 3267 asserit,
2037 3188 2462 3272 chirographo

551 3289 930 3352 confirmata
985 3290 1390 3371 respondeat.
1482 3291 1613 3352 Res
1673 3291 1853 3353 exilis
1906 3298 2023 3368 est,
2077 3311 2270 3355 causa
2318 3312 2459 3375 per-

550 3390 820 3470 modica,
854 3391 1119 3454 dimidia
1139 3391 1387 3474 virgata
1414 3398 1606 3454 terrae
1635 3398 1753 3470 est,
1779 3392 1859 3455 de
1889 3414 2017 3475 qua
2045 3393 2277 3476 agitur,
2303 3394 2459 3457 duo-

552 3494 761 3557 decim
804 3515 1218 3558 nummorum
1263 3514 1511 3570 censuS,
1556 3493 1665 3577 qui
1712 3493 2049 3557 annuatim
2097 3493 2457 3556 exsolvitur.

554 3597 748 3660 Unde
778 3597 833 3660 si
859 3597 1032 3660 inter
1059 3597 1362 3660 clericum
1384 3596 1558 3660 beati
1589 3596 1777 3659 Pauli
1806 3603 1872 3660 et
1900 3596 2100 3678 ipsius
2132 3595 2456 3661 hominem

553 3720 743 3783 super
768 3699 975 3764 fundo
990 3700 1285 3793 ‚ecclesiae
1317 3722 1450 3763 suae
1477 3700 1852 3783 pertinenti,
1881 3699 1960 3763 lis
1990 3699 2205 3782 aliqua
2234 3699 2460 3764 aborta
2576 3767 2579 3770 ,

552 3809 670 3881 est,
702 3811 949 3886 spectat
980 3803 1062 3866 ad
1090 3824 1230 3880 nos,
1255 3803 1311 3866 si
1338 3804 1568 3887 placet,
1597 3803 1820 3866 audire
1852 3802 2022 3885 quod
2052 3810 2305 3884 gestum
2337 3811 2455 3882 est,

553 3913 618 3968 et
658 3905 1079 3991 conquerenti
1111 3905 1434 3989 justitiam
1473 3905 1544 3967 in
1586 3904 1887 3968 omnibus
1918 3904 2233 3968 exhibere.
2324 3905 2456 3971 Qui

551 4029 699 4073 cum
729 4015 942 4090 partes
970 4014 1223 4072 nostras
1253 4008 1583 4090 despiciat,
1617 4014 1683 4071 et
1714 4007 1795 4071 ad
1826 4007 2291 4072 sublimitatem
2319 4030 2456 4073 ves-

551 4119 721 4175 tram
751 4133 868 4175 nos
898 4110 1319 4175 transiliendo
1348 4112 1657 4194 prosiliat,
1690 4111 1987 4194 petimus,
2018 4110 2209 4175 beato
2254 4113 2456 4176 Paulo

554 4223 619 4280 et
658 4216 862 4294 nobis,
895 4216 949 4280 si
988 4217 1217 4299 placet,
1259 4216 1430 4280 hanc
1469 4216 1893 4280 reverentiam
1935 4216 2239 4294 exhiberi,
2270 4224 2345 4280 ut
2376 4217 2460 4281 de
2569 4256 2574 4261 ’

551 4319 985 4383 conservanda
1013 4318 1292 4384 ecclesiae
1333 4319 1457 4383 Dei
1498 4319 1816 4401 dignitate
1852 4341 1968 4382 sua
2005 4327 2289 4383 mentem
2321 4341 2455 4383 ves-

550 4429 720 4486 tram
751 4429 815 4485 et
846 4422 1133 4486 animum
1165 4422 1249 4485 ad
1278 4444 1396 4487 nos
1424 4422 1748 4500 remissus,
1781 4443 1894 4505 per
1922 4442 2031 4486 vos
2063 4422 2259 4485 etiam
2284 4423 2456 4504 quod

545 4527 796 4610 justum
842 4527 1035 4590 fuerit
1078 4527 1267 4610 plene
1304 4548 1728 4610 responsurus
1767 4526 2107 4609 intelligat.
2198 4525 2304 4588 Ad
2348 4547 2457 4589 vos
