3200 5392
745 763 878 829 266
1384 785 1704 832 currum
1739 787 2009 833 sauss.

743 909 863 969 est.
953 901 1369 970 Occurrimus
1412 904 1471 969 ei
1513 904 1586 969 in
1628 911 1940 990 tympano
1980 912 2046 971 et
2086 905 2282 973 choro
2319 929 2524 994 usque
2568 911 2652 976 ad

742 1005 928 1073 ostia.
1017 1005 1388 1072 Occidimus
1446 1006 1505 1071 ei
1562 1008 1842 1073 vitulum
1893 1008 2281 1092 saginatum,
2332 1018 2399 1077 et
2449 1013 2654 1079 altilia

741 1110 1257 1196 praeparavimus,
1300 1109 1534 1194 quibus
1576 1111 1832 1176 utinam
1878 1118 1945 1177 et
1989 1119 2202 1179 vestra
2239 1116 2651 1181 reficereren-

740 1220 854 1280 tur
902 1213 1172 1299 jejunia.
1272 1213 1587 1299 Prospera
1642 1214 1830 1279 nobis
1886 1217 2201 1283 nuntiant
2258 1218 2387 1284 Dei
2443 1220 2653 1303 gratia

742 1316 963 1383 nuntii
1012 1316 1219 1382 nostri
1268 1315 1352 1380 ad
1402 1316 1741 1381 dominum
1790 1323 2084 1382 nostrum
2144 1338 2366 1403 regem
2421 1343 2649 1406 prope-

738 1426 979 1499 rantes,
1026 1439 1302 1503 quorum
1357 1418 1430 1483 in
1486 1418 1707 1484 reditu
1763 1420 1865 1484 vel
1923 1421 2252 1502 mandato,
2300 1428 2369 1487 et
2424 1432 2650 1490 nostra

736 1524 979 1609 pendet
1024 1522 1401 1607 expectatio,
1432 1529 1500 1588 et
1544 1522 1791 1587 domini
1831 1524 2040 1588 nostri
2081 1525 2250 1608 regis
2292 1529 2642 1610 responsiO,

740 1626 897 1712 quid
952 1646 1072 1690 nos
1131 1645 1321 1709 agere
1380 1625 1783 1710 disposuerit.
1873 1627 2155 1692 Proinde
2204 1625 2645 1696 Cenomannis

737 1728 1057 1813 eligimus·
1091 1748 1340 1793 moram
1388 1728 1618 1807 facere,
1673 1728 1878 1793 donec
1934 1751 2055 1795 nos
2112 1730 2492 1796 mandatum
2541 1754 2642 1798 re-

734 1834 917 1919 gium
945 1832 1101 1897 alias
1129 1830 1368 1911 trahat,
1400 1830 1572 1915 quod
1599 1831 1768 1896 forte
1802 1830 2171 1917 Andegavis
2202 1834 2343 1915 erit,
2373 1856 2523 1900 cum
2552 1836 2640 1901 ci-

735 1938 900 2003 vitas
936 1936 1049 2001 illa
1088 1957 1127 2000 a
1162 1936 1267 2001 via
1305 1957 1432 2020 qua
1468 1956 1838 2001 reversurus
1877 1944 1977 2001 est
2016 1938 2317 2005 dominus
2355 1961 2469 2005 rex
2505 1963 2642 2006 non

734 2043 927 2126 longe
965 2040 1182 2105 distet.
1275 2039 1345 2103 Si
1388 2059 1539 2104 vero
1578 2038 2113 2106 descenderemus
2141 2042 2641 2126 Argentonium,

735 2152 802 2211 et
844 2143 1098 2228 longior
1124 2143 1342 2208 forsan
1381 2140 1570 2206 nobis
1598 2142 1704 2206 via
1740 2149 2033 2224 restaret,
2065 2150 2132 2209 et
2175 2145 2487 2229 pincerna
2525 2168 2643 2232 pro

730 2249 882 2314 vino
926 2246 1378 2324 meracissimo,
1426 2267 1554 2329 quo
1597 2245 2024 2327 abundamus,
2065 2247 2444 2314 turbatioris
2491 2251 2641 2315 sub-

733 2371 839 2416 ere
883 2348 1233 2429 cervisiam,
1267 2350 1593 2432 generosis
1635 2349 1929 2430 invisam,
1962 2351 2159 2416 etiam
2202 2354 2456 2436 parcius
2491 2376 2639 2438 pro-

729 2454 1004 2538 pinaret.
1097 2453 1243 2517 Hoc
1295 2453 1492 2518 etiam
1550 2460 1650 2519 est
1709 2453 1955 2519 domini
2007 2454 2426 2521 cicestrensis
2484 2477 2633 2521 con-

728 2557 964 2636 silium,
997 2556 1110 2639 qui
1153 2556 1370 2619 minus
1410 2556 1822 2622 consiliosum
1866 2558 2046 2623 ducit
2090 2566 2340 2624 certum
2377 2581 2493 2644 pro
2535 2561 2635 2624 in-

729 2669 907 2730 certo
951 2661 1344 2727 domicilium
1388 2670 1662 2743 mutare,
1711 2670 1778 2728 et
1823 2665 2080 2730 Baccho
2131 2665 2386 2745 Libero,
2440 2667 2637 2732 ancil-

727 2757 860 2832 lam
889 2767 1152 2832 festucae
1179 2762 1380 2831 filiam
1410 2766 1734 2833 maritare.
1824 2769 2059 2834 Valeat
2098 2771 2425 2836 carissima
2452 2771 2636 2837 nobis

726 2878 939 2937 vestra
967 2871 1243 2938 dilectio.

750 3284 1192 3352 EPISTOLA
1237 3283 2155 3351 CCCOLXX11.—0Ar1wn1
2190 3308 2458 3353 sAnEsB.
2494 3310 2582 3352 An

1334 3409 1631 3452 τΗοΜΑΜ
1665 3409 2005 3453 CANTUAR.

903 3541 1142 3605 Thomoe
1169 3541 1603 3604 Gantuariensi
1634 3539 2091 3623 archiepiscopo
2121 3542 2454 3622 capitulum

1434 3642 1917 3706 Saresbeviense.
2507 3645 2512 3650 ’

806 3794 917 3859 AD
969 3814 1089 3857 nos
1137 3813 1342 3875 usque
1391 3792 1684 3876 pervenit
1731 3793 2181 3858 discretionem
2225 3796 2505 3856 vestram
2551 3791 2627 3857 in

720 3898 1088 3984 episcopum
1131 3901 1429 3959 nostrum
1477 3897 1864 3978 gravaminis
1914 3919 2049 3962 non
2097 3896 2334 3961 modici
2381 3896 2630 3961 dedisse

719 4001 1130 4080 sententiam,
1176 4004 1243 4062 et
1292 3997 1647 4080 graviorem
1692 3998 1762 4060 in
1811 3998 2127 4062 decanum
2174 4005 2472 4063 nostrum
2517 4020 2628 4063 vos

718 4107 981 4171 daturos
1037 4102 1460 4189 proposuisse.
1581 4100 1909 4166 Quoniam
1982 4123 2137 4184 ergo
2209 4102 2624 4185 praelatorum

715 4217 1087 4274 nostrorum
1160 4226 1505 4290 gravamen
1575 4212 1874 4269 nostrum
1940 4213 2340 4289 reputamus,
2401 4206 2624 4269 statim

714 4314 837 4379 hoc
881 4313 1104 4377 audito
1148 4309 1229 4374 ad
1275 4308 1492 4373 sedem
1523 4308 1887 4372 Romanam
1932 4308 2409 4393 appellavimus,
2442 4316 2509 4373 et
2551 4309 2624 4372 in

708 4422 920 4481 vestra
957 4413 1298 4499 praesentia
1337 4412 1750 4498 appellamus,
1793 4412 2178 4495 protectioni
2221 4412 2397 4478 beati
2441 4411 2623 4477 Petri
