3200 5392
573 873 709 923 ΑΛ).
745 852 1141 938 1161-89,]
1239 871 1582 919 nnsronAE
1614 858 1937 926 QUAEDAM.
2355 857 2484 921 21⁷

576 989 785 1054 solum
830 990 1322 1073 apostolicorum
1373 1011 1698 1055 canonum
1748 991 1971 1076 regula
2017 991 2483 1075 confringatur,

576 1114 798 1156 verum
846 1093 1042 1158 etiam
1095 1094 1250 1159 ordo
1295 1095 1405 1158 ille
1461 1094 1869 1177 evangelicus
1913 1095 2116 1179 ipsius
2160 1096 2489 1161 Dominici

579 1194 706 1258 oris
736 1195 1198 1260 constitutione
1230 1203 1658 1274 consecratus,
1682 1197 1985 1260 humanae
2014 1198 2486 1281 praesumtionis

578 1297 1049 1376 immutatione,
1073 1306 1149 1362 ut
1176 1299 1271 1362 ita
1299 1299 1526 1376 dicam,
1551 1299 2009 1382 prophanetur,
2032 1300 2172 1384 ipso
2202 1301 2486 1366 Domino

581 1400 870 1465 dicente:
936 1400 1095 1465 Non
1146 1407 1244 1467 est
1290 1422 1508 1465 servus
1559 1402 1765 1485 major
1815 1403 2097 1486 Domino
2145 1423 2301 1468 suo:
2363 1423 2487 1467 nec

581 1503 902 1586 apostolus
959 1504 1166 1588 major
1221 1525 1297 1568 eo
1358 1505 1469 1587 qui
1537 1503 1715 1568 misit
1775 1503 1983 1569 illum.
2073 1504 2270 1569 Unde
2325 1505 2489 1569 mihi

579 1608 762 1671 nulla
809 1608 1061 1672 ratione
1110 1608 1480 1691 persuaderi
1529 1613 1762 1691 potest,
1817 1608 2163 1691 apostolica
2212 1609 2487 1673 auctori-

582 1716 718 1773 tate
755 1710 1108 1793 quamlibet
1151 1710 1476 1775 modicum
1513 1710 1757 1774 Christi
1799 1711 2078 1794 corporis
2122 1709 2488 1776 membrum

583 1812 825 1876 nedum
884 1813 1252 1896 episcopum
1325 1813 1752 1878 orthodoxum
1819 1835 1955 1878 non
2020 1814 2488 1879 commonitum

583 1937 718 1979 non
760 1915 1145 1997 regulariter
1187 1916 1478 1994 citatum,
1521 1915 1912 1995 inauditum,
1951 1915 2381 1995 indefensum,
2423 1921 2490 1981 et

584 2017 656 2080 in
713 2017 895 2080 nullo
941 2024 1409 2095 contumacem,
1463 2023 1577 2081 aut
1636 2008 1874 2083 notorii
1931 2018 2218 2081 criminis
2276 2039 2492 2101 repre-

586 2119 885 2184 hensioni
913 2116 1263 2184 obnoxium
1301 2120 1382 2184 ab
1421 2120 1623 2204 ipsius
1654 2120 1897 2184 Christi
1940 2141 2202 2204 corpore
2249 2116 2492 2184 abscidi

587 2221 799 2286 licere.
890 2221 1321 2305 Omnipotens
1372 2222 1553 2286 Deus
1614 2222 1981 2287 corroboret
2033 2222 2268 2306 spiritu
2326 2222 2490 2306 sapi-

589 2323 781 2389 entiae
821 2345 953 2389 suae
982 2344 1091 2389 cor
1120 2331 1426 2403 vestrum,
1458 2330 1641 2412 actus
1673 2346 1928 2410 quoque
1956 2331 2200 2389 vestros
2239 2318 2495 2390 muniat
2567 2323 2579 2337 ⁰

589 2426 820 2510 spiritu
866 2426 1114 2492 consilii
1153 2432 1220 2491 et
1253 2426 1671 2506 fortitudinis,
1704 2434 1780 2492 ut
1822 2428 2237 2512 praesentium
2279 2433 2493 2492 tenta-

586 2529 842 2594 tionum
879 2528 1261 2613 impulsibus
1301 2536 1438 2594 tam
1480 2530 1836 2614 prudenter
1875 2553 2068 2615 quam
2106 2531 2361 2595 fortiter
2394 2551 2494 2594 re-

589 2630 812 2695 sistere
857 2631 1140 2696 valeatis.
1247 2633 1391 2715 Ego
1437 2638 1611 2696 certe
1664 2633 2233 2718 quantulacunque
2282 2632 2495 2716 portio

589 2734 929 2798 creationis
986 2741 1213 2800 vestrae
1270 2756 1405 2799 non
1462 2741 1723 2799 tantum
1783 2742 2081 2819 sumptus
2136 2755 2314 2799 meos
2382 2733 2497 2799 sed

590 2835 787 2900 etiam
829 2836 1166 2920 meipsum,
1198 2836 1253 2900 si
1289 2835 1629 2920 jusseritis,
1673 2835 2047 2919 impendere
2090 2856 2208 2920 pro
2250 2836 2495 2899 honore

588 2944 802 3002 vestro
838 2945 1099 3023 paratus
1138 2960 1267 3004 ero.
1357 2939 1539 3003 Bene
1567 2939 1777 3004 valeat
1803 2939 1878 3003 in
1907 2938 2166 3003 Christo
2197 2938 2496 3004 dominus

591 3063 795 3106 meus.

592 3384 1039 3451 EPISTOLA
1068 3382 1758 3451 CCCCL.—nnanct
1784 3405 2045 3450 uncam
2070 3405 2152 3450 m
2176 3404 2499 3449 carnum

768 3510 822 3553 s.
854 3510 1062 3555 num
1097 3509 1392 3554 mennon.
1427 3511 1529 3554 An
1551 3510 2032 3555 ALExANnatm
2065 3508 2320 3554 unu.

680 3642 1055 3713 PoeroAM
1096 3640 1395 3714 dominus
1433 3646 1657 3706 noster
1696 3639 2204 3725 archiepiscopus
2247 3636 2500 3702 Cantu-

596 3744 860 3809 ariensis
904 3744 1310 3809 occasionem·
1349 3744 1472 3810 sibi
1515 3743 1757 3828 reperit
1798 3744 1878 3808 de
1917 3749 2092 3808 terra
2131 3747 2356 3807 nostra
2393 3761 2502 3805 ex-

597 3847 815 3926 eundi,
846 3847 1078 3912 exinde
1104 3848 1371 3912 turbata
1397 3846 1716 3930 variisque
1758 3844 1967 3910 modis
2008 3844 2334 3909 fluctuans
2361 3841 2502 3907 An-

598 3949 853 4032 glorum
880 3950 1147 4015 ecclesia
1171 3950 1490 4015 laboriosa
1526 3947 1959 4014 sollicitudine
1998 3946 2214 4011 extitit
2253 3945 2506 4011 curiosa

596 4057 909 4134 tanquam
954 4059 1218 4137 repente
1262 4051 1592 4132 destituta,
1638 4059 1705 4117 et
1750 4050 2001 4117 timoris
2045 4070 2239 4116 onere
2282 4048 2504 4112 multi-

597 4154 791 4220 modo
818 4154 1128 4220 laboravit
1157 4157 1401 4240 agitata
1426 4164 1741 4241 tanquam
1780 4156 1863 4220 de
1902 4155 2081 4219 exitu
2117 4160 2322 4218 tantae
2362 4152 2503 4216 des-

598 4257 924 4322 titutionis
955 4257 1170 4322 dubia.
1263 4259 1579 4323 Subvenit
1616 4265 1840 4323 tamen
1877 4253 2338 4340 omnipotentis
2379 4251 2505 4317 Dei

597 4361 886 4447 piissima
910 4360 1301 4444 benignitas,
1332 4383 1475 4445 quae
1502 4361 1695 4446 regiae
1732 4361 1806 4425 in
1842 4366 2166 4446 pastorem
2204 4356 2505 4439 indigna-

596 4464 796 4530 tionis
835 4463 1238 4530 severitatem
1276 4464 1349 4530 in
1389 4485 1655 4549 gregem
1692 4463 1932 4549 passim
1975 4456 2230 4545 evagari
2270 4459 2505 4524 hucus-
