3200 5392
559 917 693 960 Aa).
732 893 1124 975 1161—89.]
1215 913 1559 954 EPISTOLAE
1591 900 1916 962 QUAED'AM.
2266 888 2269 895 ’
2336 891 2460 953 169

560 1052 738 1094 verso
798 1027 1060 1105 mundo,
1120 1027 1509 1109 ubicumque
1575 1026 1698 1089 hoc
1767 1025 2058 1088 auditum
2117 1024 2332 1101 fuerit,
2392 1023 2462 1086 in

564 1132 934 1216 sempiterni
964 1129 1285 1213 opprobrii
1314 1128 1774 1193 confusionem.

652 1235 711 1299 Ο
770 1232 1105 1316 angustia!
1231 1233 1290 1317 Ο
1350 1232 1652 1295 violentia
1708 1230 1995 1313 undique
2068 1230 2458 1313 periculosa!

564 1339 756 1402 Absit
799 1337 942 1414 hoc,
975 1335 1141 1399 absit
1182 1357 1222 1398 a
1259 1334 1503 1398 domini
1543 1335 1744 1399 nostri
1788 1334 1957 1415 regis
1996 1334 2233 1416 pietate
2271 1340 2465 1415 atque

563 1440 925 1524 prudentia,
972 1447 1047 1501 ut
1091 1446 1228 1503 tam
1272 1438 1624 1522 periculose
1675 1443 1900 1501 contra
1945 1458 2063 1500 nos
2111 1436 2465 1513 dictaverit,

566 1545 677 1627 qui
723 1565 842 1606 nos
890 1542 969 1606 ab
1019 1541 1196 1605 omni
1241 1541 1528 1604 humano
1575 1540 1801 1603 solatio
1846 1539 2187 1602 destitutos
2233 1539 2304 1601 in
2352 1560 2469 1601 sua

565 1669 719 1711 cura
762 1646 1059 1729 suscepit.
1152 1645 1286 1710 Qui
1323 1644 1510 1708 nobis
1551 1644 1690 1707 loco
1731 1642 2183 1725 archiepiscopi
2223 1651 2288 1705 et
2328 1642 2467 1705 loco

564 1751 790 1834 prioris
831 1770 898 1813 se
936 1748 1231 1811 futurum
1271 1746 1546 1810 fideliter
1582 1745 1933 1828 proposuit.
2022 1746 2109 1809 Et
2155 1745 2469 1809 hactenus

566 1851 1061 1917 misericorditer
1116 1850 1263 1913 fuit.
1383 1850 1597 1915 Quem
1658 1849 1864 1912 solum
1923 1855 2068 1932 post
2128 1849 2344 1912 Deum
2403 1854 2470 1911 et

569 1963 825 2019 sanctos
868 1954 1007 2036 ejus
1050 1954 1121 2015 in
1165 1960 1338 2015 terra
1379 1960 1724 2033 patronum
1772 1950 2099 2028 habemus,
2145 1957 2210 2014 et
2258 1973 2298 2014 a
2344 1971 2471 2032 quo

572 2058 705 2120 solo
735 2056 1055 2132 solatium,
1087 2053 1445 2130 consilium,
1475 2061 1541 2116 et
1573 2053 1882 2116 auxilium
1912 2074 2258 2135 speramus.
2320 2054 2470 2117 Cer-

570 2167 677 2222 tus
726 2179 867 2222 sum
915 2157 1084 2240 quod
1130 2157 1453 2219 sententia
1498 2156 1623 2219 ista
1670 2177 1709 2218 a
1753 2154 2014 2219 domino
2057 2162 2278 2219 nostro
2322 2176 2472 2236 rege

572 2268 797 2325 contra
835 2282 953 2324 nos
994 2260 1157 2322 filios
1199 2279 1366 2336 suos,
1405 2258 1524 2322 sibi
1565 2278 1814 2340 semper
1854 2264 1920 2321 et
1957 2257 2197 2339 ubique
2235 2258 2472 2322 fidelis-

575 2369 787 2444 simos,
818 2366 1084 2429 minime
1114 2365 1440 2448 processit,
1473 2364 1584 2427 sed
1608 2364 1893 2447 justitias
1933 2365 2072 2447 ejus
2112 2383 2475 2426 excommu-

572 2472 931 2535 nicatorum
977 2469 1287 2533 calliditas
1333 2467 1771 2545 circumvenit,
1802 2475 1878 2531 ut
1923 2488 2059 2544 nos,
2103 2466 2214 2549 qui
2257 2466 2327 2529 in
2371 2487 2475 2529 ca-

572 2575 707 2658 pite
757 2573 944 2655 regni
996 2594 1237 2649 sumus,
1292 2592 1510 2635 secum
1562 2570 2054 2653 appellationem
2105 2569 2313 2633 facere
2371 2590 2471 2633 co-

577 2681 754 2756 gant,
815 2694 929 2755 per
987 2694 1181 2756 quam
1240 2678 1308 2735 et
1366 2693 1626 2736 causam
1687 2671 2142 2755 archiepiscopi
2201 2672 2477 2735 maxime

575 2775 1077 2858 deprimendam,
1114 2781 1181 2838 et
1226 2796 1408 2841 suam
1452 2796 1488 2838 e
1533 2775 1855 2839 contrario
1899 2776 2248 2857 plurimum
2292 2775 2478 2838 robo-

574 2877 847 2941 randam
874 2877 1008 2940 fore
1036 2877 1425 2940 existimant.
1520 2877 1649 2940 Sed
1692 2883 1916 2940 utrum
1945 2898 2023 2940 ex
2054 2877 2478 2960 appellatione

576 2987 799 3044 nostra
841 2978 1067 3061 aliquis
1109 2978 1433 3061 profectus
1470 2978 1597 3041 illis
1638 2978 1973 3043 subvenire
2015 2980 2234 3062 possit,
2277 2980 2479 3044 ambi-

579 3104 782 3165 guum
821 3087 939 3145 est.
1029 3080 1236 3145 Nobis
1267 3087 1485 3145 autem
1513 3087 1649 3144 tam
1681 3103 1720 3144 a
1748 3082 1908 3158 De0,
1941 3103 2133 3164 quam
2165 3082 2244 3145 ab
2274 3082 2479 3146 homi-

578 3183 769 3247 nibus
811 3183 963 3246 inde
1006 3183 1360 3245 maximum
1402 3183 1738 3246 imminere
1781 3184 2157 3265 periculum,
2204 3185 2478 3248 certissi-

579 3307 761 3347 mum
813 3290 929 3346 est.
1024 3282 1153 3346 Sed
1195 3304 1405 3365 neque
1451 3283 1621 3366 apud
1665 3283 2000 3348 dominum
2046 3292 2338 3349 nostrum
2381 3309 2480 3350 re-

582 3408 727 3470 gem
768 3393 988 3449 tutum
1028 3386 1213 3449 nobis
1253 3406 1391 3448 esse
1427 3391 1662 3467 potest,
1692 3393 1769 3448 ut
1808 3386 1908 3450 vel
1948 3387 2186 3469 absque
2227 3387 2483 3469 speciali

580 3491 719 3573 ejus
749 3488 1075 3566 mandato,
1107 3487 1206 3551 vel
1244 3487 1481 3570 proprii
1520 3487 1648 3550 oris
1686 3488 1953 3570 imperio
1991 3489 2114 3552 hoc
2152 3489 2481 3567 faciamus,

579 3591 933 3676 praesertim
962 3612 1110 3654 cum
1140 3591 1211 3653 in
1239 3590 1439 3673 ipsius
1469 3590 1735 3654 consilio
1765 3612 1843 3653 ex
1872 3598 2011 3655 toto
2040 3592 2231 3675 positi
2261 3593 2480 3656 simus.

581 3696 730 3760 Scio
759 3715 969 3783 neque
997 3694 1209 3777 ipsum
1238 3714 1449 3775 neque
1480 3714 1628 3756 suos
1667 3693 1738 3756 in
1779 3694 1990 3776 aliquo
2019 3695 2118 3759 vel
2159 3695 2482 3758 modicum

582 3797 876 3863 dubitare
928 3797 1006 3860 de
1056 3796 1261 3874 nobis,
1312 3817 1438 3878 quo
1486 3816 1742 3860 necesse
1796 3796 1880 3860 sit
1928 3797 2299 3881 hujusmodi
2344 3819 2482 3861 rem

582 3901 1001 3982 periculosam
1060 3921 1100 3962 a
1156 3899 1342 3963 nobis
1401 3898 1673 3981 exigere.
1768 3899 1942 3963 Sciat
2001 3900 2176 3963 enim
2229 3900 2485 3965 dilectio

584 4006 719 4076 tua,
749 3999 907 4063 sciat
934 4005 1151 4063 tecum
1180 3999 1491 4064 sociorum
1521 4006 1805 4079 tuorum,
1836 4001 1904 4065 id
1934 4008 2050 4080 est,
2081 4003 2486 4086 justitiarum

586 4102 756 4184 regis
787 4102 1146 4184 prudentia,
1177 4102 1335 4166 sciat
1377 4102 1707 4167 vobiscum
1749 4105 2048 4168 universa
2089 4114 2280 4184 terra,
2314 4107 2484 4189 quod

589 4203 924 4269 dominum
966 4211 1260 4268 nostrum
1305 4226 1524 4288 regem
1569 4227 1703 4289 prae
1753 4208 2052 4272 omnibus
2094 4209 2484 4287 hominibus,

590 4308 700 4391 qui
745 4312 899 4370 sunt
940 4307 1011 4369 in
1054 4312 1246 4384 terra,
1276 4306 1347 4370 in
1375 4308 1643 4372 veritate
1687 4309 2032 4392 diligimus,
2065 4318 2131 4374 et
2174 4311 2486 4374 honorem

458 4476 463 4482 Δ
587 4409 787 4494 ipsius
825 4409 897 4471 in
936 4406 1253 4486 omnibus,
1286 4415 1351 4472 et
1394 4431 1508 4492 per
1550 4411 1769 4497 omnia
1805 4433 1922 4495 pro
1961 4412 2222 4476 modulo
2264 4419 2487 4476 nostro

584 4533 928 4590 servamus,
959 4518 1025 4575 et
1056 4531 1304 4575 servare
1334 4512 1646 4576 volumus.
