3200 5392
609 922 745 966 ΑΛ).
782 857 1178 984 1161-.89.]
1279 919 1613 962 Erls‘roLAE
1645 918 1965 968 QUAEDAM.
2391 902 2511 963 133

609 1038 1065 1103 sacerdotalem
1112 1037 1486 1119 gravitatem
1531 1041 1597 1099 et
1641 1037 2067 1111 honestatem,
2110 1040 2184 1097 ut
2221 1034 2512 1118 passibus

607 1140 1009 1218 humilitatis,
1061 1139 1409 1223 patientiae,
1466 1145 1531 1202 et
1582 1137 2040 1202 moderationis
2090 1145 2514 1221 prosequatur

607 1264 827 1326 pacem
880 1243 1047 1307 tanti
1105 1243 1427 1326 principis,
1479 1263 1691 1325 quam,
1746 1242 1867 1305 etsi
1918 1263 2054 1306 non
2106 1244 2295 1326 juxta
2347 1242 2510 1307 desi-

606 1346 854 1409 derium
890 1352 1172 1409 vestrum
1217 1351 1283 1408 et
1321 1351 1618 1408 nostrum
1658 1345 1940 1427 plenarie
1979 1344 2281 1423 oblatam,
2324 1367 2508 1428 roga-

601 1470 748 1511 mus
787 1455 853 1513 et
892 1448 1284 1512 consulimus
1313 1448 1384 1509 in
1406 1447 1689 1511 Domino
1719 1447 2110 1511 conscientia
2139 1470 2319 1530 pura,
2351 1471 2506 1532 qua-

601 1556 794 1614 tenus
823 1552 1195 1615 nullatenus
1227 1550 1720 1633 adspernemini,
1755 1550 1866 1614 sed
1903 1572 1979 1614 ea
2008 1551 2506 1615 mansuetudine

602 1660 666 1717 et
709 1654 1045 1717 affectione
1082 1653 1461 1735 suscipiati8‚
1493 1659 1568 1716 ut
1614 1652 1950 1716 dulcedine
1980 1661 2191 1718 vestra
2229 1675 2379 1718 eum
2425 1654 2506 1717 ad

601 1758 847 1839 reliqua
888 1757 1138 1821 mollire
1179 1756 1484 1820 debeatis·
1578 1756 1758 1819 Solet
1798 1756 1970 1820 enim
2019 1757 2227 1821 debile
2273 1757 2506 1840 princi-

599 1862 779 1943 pium
830 1861 1091 1925 meliore
1136 1859 1428 1924 comitari
1466 1860 1747 1923 fortuna.
1838 1862 1926 1924 Et
1970 1860 2305 1944 principe8‚
2342 1882 2504 1943 prae-

600 1963 822 2026 sertim
877 1963 1000 2026 hoc
1066 1968 1375 2043 tempore,
1434 1961 1717 2025 leniendi
1788 1963 1999 2045 potius
2075 1969 2247 2040 sunt,
2310 1984 2502 2047 quam

601 2062 1040 2127 exacerbandi.

663 2385 1104 2451 EPISTOLA
1135 2384 1905 2449 CCCXCV.—nsusnnu
1938 2406 2030 2449 An
2065 2405 2433 2449 HENRICUM

1282 2515 1287 2520 ·
1428 2508 1681 2550 anema.

498 2697 508 2707 .
594 2640 1023 2702 Illustrissimo
1068 2623 1311 2702 doim‘no
1341 2639 1613 2701 Henrico
1655 2639 1779 2701 Dei
1813 2640 2029 2720 qratia
2073 2640 2207 2721 νομί
2235 2640 2498 2720 Anyliae,

683 2745 826 2807 duci
868 2745 1269 2807 Normanm'ae
1313 2749 1373 2805 et
1417 2743 1794 2824 Aquitaniae,
1841 2747 1902 2805 et
1953 2743 2161 2805 comiti
2207 2742 2497 2823 Andeya-

680 2847 848 2908 vensi
875 2846 975 2908 Jo.
1000 2845 1450 2926 Neapolitanus
1477 2843 1769 2925 indiqnus
1784 2843 2113 2924 presbyter
2135 2844 2495 2921 cardinalia,

680 2949 958 3032 salutem,
992 2954 1051 3010 et
1080 2948 1313 3010 votivos
1340 2966 1578 3027 semper
1608 2947 1879 3009 obtinere
1906 2966 2235 3009 successus.

678 3099 947 3161 PLAcm
1005 3097 1191 3160 nobis
1250 3098 1622 3180 plurimum,
1678 3103 1744 3160 et
1796 3117 1909 3179 per
1962 3097 2179 3160 omnia
2238 3104 2496 3179 gratum

594 3198 885 3261 ducimus
931 3206 996 3261 et
1042 3205 1403 3279 acceptum,‘
1438 3199 1608 3280 quod
1657 3198 1737 3261 ad
1784 3200 2228 3262 executionem
2274 3200 2495 3263 volun-

590 3300 746 3363 tatis
775 3305 1001 3362 vestrae
1028 3304 1252 3361 nostra
1282 3298 1496 3361 studia
1525 3299 1883 3380 promptius
1915 3299 2284 3362 advocastis.
2353 3300 2494 3363 Nos

593 3403 852 3487 quidem
882 3402 1033 3465 licet
1064 3399 1302 3484 absque
1333 3400 1834 3463 summonitione
1865 3400 2060 3463 etiam
2089 3407 2299 3463 vestra
2340 3423 2494 3483 quo·
2545 3475 2556 3482 ³

590 3508 971 3588 tiescunque
1002 3503 1448 3587 opportunitas
1479 3523 1546 3565 se
1588 3502 1795 3579 offert,
1828 3502 2099 3566 studiosi
2136 3524 2385 3587 semper
2414 3504 2496 3567 si-

590 3631 736 3672 mus
766 3614 831 3673 et
855 3607 1186 3671 sollicitius
1217 3604 1637 3682 elaboremuS,
1671 3626 2071 3688 quaecunque
2101 3604 2278 3669 vobis
2308 3606 2495 3669 utilia

592 3711 720 3774 sive
768 3710 850 3773 ad
892 3711 1207 3772 honorem
1253 3713 1539 3770 vestrum
1591 3707 2033 3789 cognoscimus
2085 3715 2493 3789 proventura,

593 3812 758 3875 sicut
805 3810 989 3875 nobis
1035 3808 1334 3893 possibile
1379 3815 1495 3887 est,
1539 3810 1839 3891 perficere
1886 3816 1952 3873 et
1999 3831 2388 3893 promovere,
2429 3817 2495 3875 et

592 3915 911 3978 contraria
947 3912 1321 3996 propensius
1364 3912 1677 3995 depellere
1706 3919 1772 3977 et
1800 3913 2057 3996 longius
2087 3916 2493 3998 propulsare:

595 4037 793 4097 quum
821 4021 1043 4080 tamen
1073 4015 1539 4098 magnitudinis
1569 4022 1796 4079 vestrae
1826 4015 2026 4080 literis
2058 4017 2493 4095 sollicitamur,

590 4125 778 4180 tanto
798 4118 1025 4181 fortius
1049 4118 1445 4202 accingimur
1474 4124 1539 4181 et
1563 4119 1645 4182 ad
1668 4120 2211 4201 complementum
2241 4121 2495 4205 petitio-

591 4220 694 4283 nis
712 4226 936 4284 vestrae
955 4222 1314 4285 accuratius
1337 4243 1790 4305 praeparamur,
1813 4230 2054 4305 quanto
2077 4233 2141 4288 et
2164 4225 2302 4308 ipsa
2324 4246 2494 4287 sum-

591 4321 863 4385 monitio
892 4328 1101 4385 vestra
1131 4330 1195 4385 et
1227 4323 1588 4388 sofficitatio
1629 4325 1979 4407 plurimum
2009 4327 2235 4408 placet,
2268 4331 2334 4387 et
2363 4325 2495 4386 voti

594 4430 788 4507 atque
819 4423 1114 4488 desiderii
1135 4426 1340 4488 nostri
1370 4433 1467 4490 est
1497 4433 1572 4491 ut
1596 4428 1902 4512 quicquid
1922 4447 2259 4510 possumus
2281 4430 2494 4488 totum

592 4527 678 4590 ad
725 4534 952 4591 vestrae
995 4528 1342 4592 voluntatis
1393 4529 1733 4593 arbitrium
1792 4528 2174 4594 omnimodis
2227 4549 2501 4612 expona-
