3200 5392
578 898 714 940 Am.
752 873 1150 956 1161—89.]
1249 892 1592 938 ensi-oms.
1608 890 1939 941 nummu.
2353 872 2481 938 207

606 1290 1051 1356 EPISTOLA
1095 1287 2132 1355 OCCOXLIV.—-mnoonnns1s
2165 1309 2455 1353 Ancum.

998 1414 1093 1456 An
1125 1411 1421 1455 'rnoMAM
1455 1410 2059 1454 CAN'PUARIENSEM.

667 1544 963 1610 QUANTA
994 1542 1232 1608 mentis
1277 1543 1698 1621 exultatione,
1730 1548 1975 1626 quanta
2018 1542 2220 1607 animi
2254 1544 2485 1627 jocun-

579 1648 783 1713 ditate
824 1654 1050 1712 nostra
1085 1646 1373 1731 privetur
1414 1645 1699 1725 ecelesia,
1731 1652 1870 1710 tam
1907 1646 1999 1731 pii
2036 1647 2236 1730 patris
2265 1647 2492 1713 orbata

578 1751 939 1835 praesentia,
970 1770 1093 1814 nee
1123 1749 1290 1833 stylo
1331 1754 1558 1828 notare
1597 1768 1720 1812 nee
1757 1747 1967 1812 verbis
2003 1750 2357 1833 exprimere
2384 1772 2491 1814 va-

579 1853 828 1930 lemus3
874 1852 964 1916 sie
1001 1851 1237 1934 quippe
1277 1856 1515 1914 cuncta
1550 1848 1626 1913 in
1662 1850 1840 1914 vobis
1880 1850 2207 1916 relaxabat
2245 1853 2492 1918 miseri-

584 1954 819 2032 cordia,
853 1952 1026 2036 quod
1054 1953 1220 2016 nihil
1246 1952 1533 2015 inultum
1563 1952 1893 2017 omitteret
1923 1952 2200 2037 justitia,
2232 1961 2298 2019 et
2340 1955 2494 2021 lieet

587 2078 811 2122 omnes
856 2056 937 2119 de
977 2061 1190 2120 vestro
1236 2054 1547 2119 damnum
1590 2053 1926 2138 patiantur
1969 2056 2179 2135 exilio,
2226 2079 2348 2121 nos
2395 2065 2494 2125 ta·

585 2179 741 2222 men
813 2156 1044 2240 majori
1102 2174 1294 2239 super
1350 2175 1575 2220 omnes
1636 2155 1980 2239 affligimur
2050 2156 2494 2224 incommodo:

587 2265 935 2345 praesentes
971 2257 1219 2343 ,quippe
1263 2278 1383 2321 nos
1431 2257 1539 2340 pio
1585 2258 1825 2322 mentis
1873 2258 2112 2324 affectu
2152 2261 2498 2326 veneraba-

585 2363 751 2427 mini
780 2367 847 2426 et
874 2361 1288 2426 inimicorum
1326 2359 1592 2423 insidias
1631 2361 1704 2424 in
1744 2360 2044 2426 absentes
2082 2362 2294 2426 illatas
2332 2362 2497 2428 frus-

586 2463 957 2530 trabamini.
1048 2464 1228 2528 Deus
1273 2469 1494 2527 autem
1534 2484 1652 2547 pro
1689 2463 1792 2527 his
1831 2485 1943 2528 vos
1984 2464 2242 2530 abunde
2285 2487 2500 2530 remu-

586 2575 791 2648 neret,
840 2589 1043 2653 quum
1092 2573 1331 2632 nostrae
1374 2566 1806 2631 imbecillitati
1855 2567 2053 2650 digna
2101 2569 2503 2634 retribuendi

588 2670 674 2734 sit
736 2669 951 2734 ablata
1007 2668 1300 2733 facultas.
1410 2668 1604 2734 Quod
1662 2669 1791 2733 nisi
1846 2671 2136 2736 locorum
2195 2672 2503 2738 distantia

585 2794 706 2836 nos
750 2795 790 2836 a
821 2771 1233 2856 jucunditate
1262 2778 1490 2836 vestrae
1527 2773 1889 2855 praesentiae
1930 2774 2321 2859 sejungeret,
2352 2798 2501 2841 nos-

587 2875 679 2939 tri
724 2897 879 2957 erga
923 2895 1033 2938 vos
1085 2874 1287 2940 animi
1336 2875 1642 2939 affectum
1686 2876 1918 2940 clarius
1965 2877 2310 2959 sentiretis,
2356 2886 2503 2944 tum

591 2978 800 3042 nostri
843 2978 1094 3061 copiam
1131 2977 1310 3042 vobis
1355 2977 1738 3058 exhibendo,
1785 2986 1930 3043 tum
1972 2987 2262 3046 nostram
2303 2982 2502 3064 vobis,

590 3085 668 3144 ut
711 3080 1017 3159 Domin0,
1049 3080 1480 3144 substantiam
1510 3081 1860 3152 offerendo.
1951 3082 2053 3147 De
2096 3083 2218 3149 hoe
2261 3094 2501 3166 autem,

592 3185 768 3268 quod
832 3183 1019 3247 nobis
1087 3183 1375 3266 indignis
1434 3180 1846 3249 eeclesiarum
1902 3187 2195 3269 regimen
2254 3189 2505 3272 dignati

592 3287 751 3352 estis
793 3286 1144 3365 remittere,
1182 3284 1402 3349 Deum
1449 3307 1642 3369 super
1681 3286 1805 3352 hoe
1847 3282 2178 3353 trahimus
2207 3290 2280 3354 in
2322 3292 2504 3355 testi-

593 3389 890 3454 monium
948 3409 1068 3453 nos
1127 3386 1407 3468 omnem,
1470 3410 1666 3472 quam
1730 3384 2078 3473 potuimuS,
2140 3392 2506 3460 adhibuisse

592 3490 1017 3580 diligentiam,
1051 3497 1117 3556 et
1159 3491 1388 3556 vestris
1426 3491 1498 3556 in
1529 3491 1829 3557 omnibus
1873 3492 2186 3559 obediisse
2229 3517 2507 3582 praecep-

593 3596 717 3673 tis;
764 3593 937 3679 quod
982 3601 1048 3661 et
1093 3594 1174 3658 de
1217 3599 1432 3659 cetero
1473 3593 1802 3675 faciemus,
1835 3600 1902 3661 et
1946 3596 2118 3680 quod
2159 3605 2385 3664 vestrae
2425 3600 2504 3664 de

595 3699 864 3764 ecclesia
890 3697 1177 3782 regenda
1206 3696 1627 3763 sollicitudini
1653 3698 1861 3764 visum
1889 3694 2105 3782 fuerit,
2135 3702 2324 3768 nobis
2361 3703 2506 3770 lite-

593 3798 688 3864 ris
715 3799 942 3865 vestris
970 3796 1369 3866 remandate.
2490 3810 2493 3813 “
