3200 5392
6 255 15 286 l

0 359 9 476 l

0 479 7 820 Ρ

553 934 690 978 Aa).
728 914 1121 997 1161—89.]
1220 930 1554 976 EPIs'rorAE
1585 931 1903 983 QUAEDAM.
2375 915 2460 977 93

559 1051 732 1136 quod
797 1050 984 1129 absit,
1056 1049 1128 1112 in
1198 1054 1528 1132 posterum
1588 1047 1882 1130 generari
1941 1047 2144 1111 valeat
2202 1047 2459 1112 odium:

559 1154 737 1218 unde
795 1152 1128 1237 provenire
1187 1149 1498 1215 debuerat
1555 1150 1758 1214 totius
1815 1150 2001 1231 regni
2052 1151 2191 1235 ejus
2242 1171 2463 1235 perpe-

560 1264 750 1320 tuum
800 1263 866 1320 et
914 1255 1142 1320 stabile
1199 1255 1702 1318 firmamentum.
1795 1253 2017 1319 Quum
2068 1255 2244 1317 enim
2293 1275 2465 1317 unus

562 1360 735 1423 solus
773 1359 1094 1442 perfectus
1139 1357 1225 1421 sit
1267 1357 1480 1435 timor,
1521 1357 1726 1430 mixta
1764 1357 2004 1420 scilicet
2045 1376 2194 1420 cum
2232 1377 2465 1440 pavore

565 1461 841 1540 dilectio,
889 1462 1025 1544 ipse
1075 1460 1266 1525 durat
1313 1480 1564 1543 semper
1608 1465 1675 1523 et
1721 1459 1990 1542 proficit,
2037 1460 2200 1523 alius
2246 1466 2466 1524 autem

564 1564 820 1643 decidit,
851 1570 918 1627 et
947 1569 1276 1627 auctorem
1314 1562 1416 1627 sui
1453 1562 1664 1626 solum
1697 1562 2247 1646 immunitumque
2274 1562 2467 1626 relin-

566 1667 726 1751 quit.
820 1665 1095 1731 Studeat
1125 1683 1281 1748 ergo
1309 1671 1443 1729 tuae
1470 1664 1808 1748 probitatis
1845 1664 2166 1729 industria
2201 1665 2296 1729 ita
2329 1666 2469 1729 haec

567 1769 785 1834 omnia
822 1768 1129 1852 praedicto
1168 1767 1302 1832 filio
1343 1773 1565 1831 nostro
1609 1766 1749 1849 regi
1792 1787 2150 1850 suggerere,
2181 1774 2248 1831 et
2291 1767 2470 1831 illam

564 1871 636 1935 in
679 1892 757 1936 eo
798 1870 1266 1955 indignationis
1306 1870 1653 1935 scintillam
1693 1871 1952 1954 penitus
1992 1870 2264 1949 abolere,
2298 1870 2471 1954 quod

569 1995 832 2038 suorum
872 1973 1124 2038 devotio
1157 1973 1402 2057 jugiter
1439 1974 1610 2037 circa
1647 1994 1798 2037 eum
1835 1973 2034 2056 possit
2072 1994 2470 2052 excrescere3

570 2083 637 2139 et
679 2077 815 2158 ipse
859 2095 1010 2139 cum
1051 2075 1297 2139 honore
1335 2076 1461 2138 Dei
1505 2082 1571 2138 et
1617 2081 1859 2138 sanctae
1901 2076 2126 2139 matris
2170 2077 2471 2155 ecclesiae,

570 2198 830 2241 necnon
876 2184 943 2240 et
990 2198 1108 2240 sua
1153 2197 1543 2259 suorumque
1580 2177 1912 2240 haeredum
1956 2179 2162 2242 salute
2204 2179 2277 2242 in
2319 2200 2477 2261 pace

572 2300 824 2363 semper
851 2279 1060 2343 valeat
1091 2285 1156 2342 et
1186 2278 1658 2362 tranquillitate
1687 2300 1980 2360 regnare.
2067 2280 2252 2343 Vale.
2344 2282 2474 2343 Da-

570 2390 714 2446 tum
750 2382 989 2446 Senon.
1022 2384 1060 2443 5
1093 2380 1162 2444 id
1191 2379 1596 2444 Novembris.

830 2700 1280 2767 EPISTOLA
1325 2701 1881 2765 CCCLXV—An
1914 2722 2222 2765 EUNDEM.

572 2854 934 2917 Aleoeander
948 2873 1126 2935 papa
1150 2852 1427 2916 Gilberto
1448 2852 1862 2916 Londom‘enei
1891 2854 2190 2935 episcopo,
2220 2856 2479 2918 salutem

1021 2962 1082 3019 et
1112 2957 1514 3037 apostolicam
1545 2955 2034 3019 benedictionem.

664 3108 1006 3173 Quorsum
1058 3114 1126 3170 te
1183 3106 1394 3170 virum
1451 3127 1706 3189 magnae
1765 3106 2066 3186 scientiae,
2125 3106 2483 3172 honestatis

578 3212 776 3274 etiam
820 3211 1062 3287 multae,
1103 3217 1168 3273 et
1214 3210 1625 3274 abstinentiae
1666 3231 1801 3274 non
1845 3210 2112 3274 modicae
2154 3232 2292 3275 esse
2335 3232 2483 3294 cog-

580 3312 924 3388 noscimuS‚
963 3311 1115 3374 licet
1153 3317 1232 3373 tu
1270 3317 1337 3374 et
1376 3311 1731 3393 coepiscopi
1758 3311 1857 3374 tui
1884 3311 1955 3374 in
1985 3314 2207 3377 multis
2235 3314 2485 3377 remissi

580 3418 648 3475 et
692 3409 893 3492 tepidi
937 3416 1004 3472 et
1047 3409 1450 3492 negligentes
1493 3409 1689 3471 etiam
1729 3409 2089 3484 extiteritis,
2123 3411 2270 3492 quia
2310 3412 2486 3474 inter

581 3534 689 3578 eos
733 3519 872 3576 tam
914 3513 1251 3576 literatura
1297 3532 1491 3595 quam
1540 3510 1870 3594 religionis
1920 3511 2159 3575 virtute
2208 3533 2486 3595 magnus

579 3617 855 3695 haberis,
887 3623 952 3680 te
981 3637 1113 3699 prae
1143 3616 1284 3679 aliis
1315 3615 1616 3679 duximus
1646 3613 2147 3694 admonendum,
2179 3622 2245 3679 et
2274 3623 2341 3680 te
2370 3637 2487 3700 per

582 3720 930 3805 apostolica
967 3719 1205 3802 scripta
1241 3739 1544 3803 rogamus
1575 3725 1771 3802 atque
1800 3739 2158 3798 monemus,
2188 3727 2266 3785 ut
2295 3720 2485 3784 caris-

584 3824 820 3887 simum
863 3823 935 3892 in
981 3822 1240 3887 Christo
1282 3823 1488 3887 filium
1533 3829 1850 3899 nostrum,
1894 3821 2211 3886 illustrem
2238 3823 2485 3908 Anglo-

581 3949 730 3991 rum
758 3948 998 4011 regem,
1030 3927 1137 3991 cui
1165 3949 1298 3991 non
1328 3925 1581 3990 modica
1610 3947 1677 3989 es
1707 3924 2142 3988 familiaritate
2179 3925 2483 4010 conjunc-

584 4037 712 4110 tus,
736 4030 1218 4114 opportunitate
1249 4036 1545 4112 suscepta
1573 4028 1843 4093 sollicite
1872 4034 1938 4091 et
1966 4027 2286 4093 instanter
2315 4051 2487 4094 com·-

586 4154 870 4212 moneas,
917 4140 994 4197 ut
1047 4132 1473 4199 ecclesiastica
1518 4139 1585 4196 et
1637 4131 1946 4195 secularia
1994 4132 2273 4215 negotia,
2323 4133 2490 4197 sicut

585 4236 918 4319 hucusque
945 4236 1168 4301 fecisse
1208 4235 1627 4319 dignoscitur,
1668 4257 1804 4299 non
1842 4234 2214 4313 confundat,
2256 4256 2376 4299 nec
2415 4256 2493 4299 ea

589 4358 707 4421 pro
735 4337 1067 4401 voluntate
1097 4360 1214 4403 sua
1240 4345 1519 4403 tractare
1558 4343 1672 4401 aut
1708 4337 2147 4401 intermiscere
2187 4341 2487 4413 attentet,

591 4439 705 4503 sed
757 4440 1181 4503 ecclesiastica
1224 4442 1373 4504 viris
1422 4440 1861 4505 ecclesiasticis
1910 4437 2250 4503 tractanda
2298 4437 2491 4500 relin-

591 4550 767 4627 quat,
800 4551 867 4607 et
908 4544 1217 4607 secularia
1253 4544 1653 4608 solummodo
1694 4565 1837 4607 suae·
1863 4542 2155 4606 vendicet
2193 4540 2490 4623 jurisdic-
