3200 5392
544 955 678 997 Am.
715 931 1126 1014 1161—89.]-
1210 893 1542 994 nrls‘ronffi
1575 950 1899 1000 QUAEDAM.
2321 930 2447 994 107

593 1285 1036 1350 EPISTOLA
1082 1284 1918 1348 CCCLXXV.—nwsnnu
1951 1305 2042 1346 An
2076 1303 2403 1346 noemuffl

778 1408 1021 1451 ΑΒΒΑΤ.
1056 1408 1137 1449 ΕΤ
1171 1407 1468 1449 vanans
1501 1407 1791 1451 MONAST.
1827 1407 1913 1450 nn
1948 1406 2212 1449 mamm.

546 1538 623 1600 Α.
657 1539 991 1619 epiecopus,
1010 1557 1222 1602 servus
1248 1557 1563 1600 servorum
1593 1537 1743 1615 Dei,
1769 1538 2011 1600 dilectis
2024 1535 2187 1618 filiis
2207 1538 2449 1618 Royero

629 1640 839 1703 abbati
878 1646 939 1702 et
968 1639 1290 1722 fratribus
1328 1641 1689 1702 monasterii
1728 1641 1803 1702 de
1831 1641 1877 1702 I
1872 1640 2057 1717 breio,
2087 1640 2347 1701 salutem
2390 1644 2451 1700 et

629 1744 1031 1823 apostolicam
1062 1742 1558 1805 benedictionem.

627 1892 1125 1955 VENERABILES
1176 1892 1407 1956 fratres
1465 1893 1691 1971 nostri,
1756 1890 2081 1955 Henricus
2131 1889 2450 1954 Wintoni-
3044 1898 3052 1905 '
3115 1885 3200 1954 'Rs-

543 1992 712 2056 ensis
754 1998 820 2056 et
853 1993 1185 2057 Gilbertus
1223 1993 1695 2057 Londoniensis
1742 1994 2020 2077 episcopi
2059 1992 2450 2057 transmissis

543 2093 730 2157 nobis
759 2095 962 2158 literis
992 2095 1400 2173 intimarunt,
1435 2095 1607 2177 quod
1640 2117 1836 2178 quum
1868 2096 1958 2159 eis
1999 2116 2275 2172 causam,
2310 2116 2452 2177 quse

544 2196 717 2259 inter
766 2216 876 2258 vos
921 2203 987 2259 et
1008 2195 1452 2259 Herlewinum
1493 2197 1797 2259 clericum
1839 2217 2030 2279 super
2065 2196 2327 2260 decimis
2372 2195 2452 2258 de

545 2297 887 2380 Doching'‚
921 2320 1079 2380 quas
1108 2297 1232 2361 sibi
1258 2298 1431 2362 idem
1464 2295 1870 2361 Herlewinus
1899 2318 2228 2361 concessas
2256 2297 2453 2359 fuisse

546 2398 819 2477 dicebat,
863 2399 1105 2463 diutius
1148 2400 1534 2478 vertebatur,
1580 2401 2136 2477 commisissemus,
2178 2399 2452 2482 appella-

546 2501 724 2565 tione
761 2508 1027 2579 remotn,
1074 2503 1204 2565 fine
1248 2502 1468 2566 debito
1514 2502 2010 2580 terminandam,
2055 2502 2177 2584 ipsi
2220 2500 2453 2565 auditis

545 2602 902 2667 rationibus
939 2603 1092 2667 hinc
1135 2603 1306 2681 inde,
1343 2612 1410 2667 et
1448 2604 1703 2687 plenius
1743 2604 2105 2681 intellectis,
2150 2603 2454 2685 quoniam

546 2706 849 2788 praefatus
922 2706 1328 2770 Herlewinus
1385 2708 1455 2769 in
1528 2706 1907 2790 probatione
1981 2706 2233 2784 defecit,
2293 2727 2454 2787 prae-

548 2807 814 2889 scriptas
872 2807 1050 2871 vobis
1110 2815 1176 2872 et
1237 2808 1519 2871 ecclesiae
1576 2814 1805 2871 vestrae
1862 2808 2141 2872 decimas
2206 2806 2454 2890 adjudi-

549 2915 799 2986 carunt,
843 2915 909 2972 et
952 2915 1089 2973 tam
1139 2930 1249 2973 vos
1295 2931 1487 2992 quam
1529 2909 1801 2973 eandem
1840 2910 2166 2974 ecclesiam
2212 2909 2293 2973 ab
2337 2909 2456 2971 im-

549 3011 862 3093 petitione
890 3011 1090 3095 ipsius
1122 3032 1314 3095 super
1342 3011 1443 3074 his
1472 3018 1785 3095 perpetuo
1814 3012 2257 3089 absolverunt3
2291 3012 2456 3074 sicut

551 3133 629 3176 ex
673 3112 877 3177 literis
925 3113 1264 3178 sententiae
1314 3135 1463 3192 suae,
1506 3135 1664 3196 quas
1708 3135 1827 3177 nos
1873 3115 1995 3197 ipsi
2040 3114 2454 3198 inspeximus,

527 3214 893 3277 .manifeste
923 3221 1269 3297 comparet.
1360 3215 1557 3279 Unde
1588 3237 1789 3297 quum
1819 3222 1956 3279 tam
1984 3223 2078 3294 tu,
2109 3217 2204 3279 fili
2239 3215 2455 3294 abbaS,

422 3335 435 3342 ⁴
555 3336 748 3397 quam
778 3315 950 3377 idem
983 3313 1389 3378 Herlewinus
1427 3316 1502 3377 in
1540 3323 1763 3379 nostra
1790 3318 2012 3380 essetis
2049 3326 2309 3401 propter
2336 3317 2459 3380 hoc

553 3416 896 3500 praesentia
924 3416 1282 3494 constituti,
1306 3422 1372 3480 et
1404 3416 1811 3481 Herlewinus
1839 3417 2155 3500 praelibati
2184 3418 2462 3501 episcopi

556 3519 1029 3584 Londoniensis
1077 3524 1337 3582 tantum
1375 3519 1592 3583 literas
1639 3518 1826 3582 nobis
1865 3519 2137 3582 offerens
2177 3540 2265 3597 se,
2298 3519 2464 3583 sicut

557 3622 798 3686 eaedem
851 3620 1292 3699 continebant,
1348 3620 1697 3704 appellasse
1748 3628 2152 3704 proponeret,
2205 3630 2271 3685 et
2318 3642 2461 3684 sen-

555 3725 850 3802 tentiam,
884 3729 1188 3807 quoniam
1219 3744 1352 3787 non
1380 3724 1551 3787 infra
1570 3724 1924 3788 terminum
1946 3724 2235 3789 mandati
2256 3724 2461 3789 nostri

555 3827 690 3890 lata
738 3826 883 3905 fuit,
928 3826 1205 3891 rescindi
1255 3826 1607 3889 instantius
1656 3827 2030 3909 postularet,
2083 3848 2202 3891 nos
2250 3832 2460 3891 atten-

560 3929 785 3992 dentes
835 3928 1006 4012 quod
1068 3950 1143 3992 ea
1202 3929 1573 3993 memoratis
1633 3929 1940 4012 episcopis
1991 3931 2136 4007 fuit,
2186 3930 2460 4013 appella-

559 4031 737 4095 tione
765 4036 1032 4109 remota,
1064 4031 1204 4113 ipso
1233 4031 1679 4095 consentiente
1709 4039 1775 4096 et
1814 4038 2075 4115 petente
2105 4033 2460 4110 commissa,

562 4131 1040 4197 considerantes
1088 4133 1303 4211 etiam,
1347 4133 1518 4216 quod
1563 4134 1729 4197 sicut
1768 4134 1965 4198 iidem
2009 4136 2286 4218 episcopi
2329 4135 2461 4197 suis

560 4233 747 4297 nobis
791 4233 992 4298 literis
1034 4235 1443 4314 intimarunt,
1476 4235 1556 4299 de
1596 4257 1861 4300 assensu
1898 4237 2070 4300 illius
2108 4239 2463 4301 terminum

559 4334 1021 4419 produxerunt,
1045 4337 1432 4402 sententiam
1461 4339 1900 4422 praescriptam
1928 4339 2226 4403 duximus
2255 4345 2463 4401 ratam

561 4437 946 4514 habendam,
979 4445 1045 4501 et
1074 4458 1184 4502 vos
1229 4461 1268 4503 a
1311 4441 1598 4524 praedicti
1640 4441 1987 4507 Herlewini
2021 4442 2101 4504 de
2137 4440 2466 4504 communi

562 4540 839 4605 fratrum
888 4546 1255 4605 nostrorum
1294 4544 1558 4608 consilio
1603 4545 2007 4627 impetitione
2059 4541 2463 4607 absolvimus.
