<?xml version="1.0" encoding="UTF-8"?>
<!DOCTYPE html PUBLIC "-//W3C//DTD XHTML 1.0 Transitional//EN"
    "http://www.w3.org/TR/xhtml1/DTD/xhtml1-transitional.dtd">
<html xmlns="http://www.w3.org/1999/xhtml" xml:lang="en" lang="en">
 <head>
  <title>
</title>
<meta http-equiv="Content-Type" content="text/html;charset=utf-8" />
  <meta name='ocr-system' content='tesseract 3.04.00' />
  <meta name='ocr-capabilities' content='ocr_page ocr_carea ocr_par ocr_line ocrx_word'/>
</head>
<body>
  <div class='ocr_page' id='page_1' title='image "./gilbertiexabbat01gilegoog_0173.png"; bbox 0 0 3200 5392; ppageno 0'>
   <div class='ocr_carea' id='block_1_1' title="bbox 0 10 3200 158">
    <p class='ocr_par' dir='ltr' id='par_1_1' title="bbox 0 10 3200 158">
     <span class='ocr_line' id='line_1_1' title="bbox 0 10 3200 158; baseline 0 5234"><span class='ocrx_word' id='word_1_1' title='bbox 0 10 3200 158; x_wconf 95' lang='lat' dir='ltr'><strong> </strong></span> 
     </span>
    </p>
   </div>
   <div class='ocr_carea' id='block_1_2' title="bbox 576 845 2483 933">
    <p class='ocr_par' dir='ltr' id='par_1_2' title="bbox 576 845 2483 933">
     <span class='ocr_line' id='line_1_2' title="bbox 576 845 2483 933; baseline -0.002 -20"><span class='ocrx_word' id='word_1_2' title='bbox 576 870 711 913; x_wconf 74' lang='lat' dir='ltr'><strong>AJ).</strong></span> <span class='ocrx_word' id='word_1_3' title='bbox 753 846 1147 933; x_wconf 79' lang='lat'><strong>1161-89,]</strong></span> <span class='ocrx_word' id='word_1_4' title='bbox 1240 845 1573 908; x_wconf 67' lang='lat' dir='ltr'><strong>EPISTOLAE&#39;:</strong></span> <span class='ocrx_word' id='word_1_5' title='bbox 1606 864 1921 915; x_wconf 75' lang='lat' dir='ltr'><strong>QUAEDAM.</strong></span> <span class='ocrx_word' id='word_1_6' title='bbox 2358 846 2483 909; x_wconf 84' lang='lat'><strong>157</strong></span> 
     </span>
    </p>
   </div>
   <div class='ocr_carea' id='block_1_3' title="bbox 579 979 2584 4556">
    <p class='ocr_par' dir='ltr' id='par_1_3' title="bbox 579 979 2584 4556">
     <span class='ocr_line' id='line_1_3' title="bbox 579 979 2485 1065; baseline -0.003 -17"><span class='ocrx_word' id='word_1_7' title='bbox 579 985 815 1062; x_wconf 88' lang='lat' dir='ltr'><strong>amini;</strong></span> <span class='ocrx_word' id='word_1_8' title='bbox 861 991 927 1047; x_wconf 88' lang='lat' dir='ltr'><strong>et</strong></span> <span class='ocrx_word' id='word_1_9' title='bbox 970 983 1151 1060; x_wconf 90' lang='lat' dir='ltr'><strong>mihi,</strong></span> <span class='ocrx_word' id='word_1_10' title='bbox 1192 982 1301 1065; x_wconf 91' lang='lat' dir='ltr'><strong>qui</strong></span> <span class='ocrx_word' id='word_1_11' title='bbox 1349 1002 1491 1045; x_wconf 86' lang='lat' dir='ltr'><strong>eam</strong></span> <span class='ocrx_word' id='word_1_12' title='bbox 1538 981 1690 1044; x_wconf 89' lang='lat' dir='ltr'><strong>licet</strong></span> <span class='ocrx_word' id='word_1_13' title='bbox 1735 979 2064 1062; x_wconf 88' lang='lat' dir='ltr'><strong>indignus,</strong></span> <span class='ocrx_word' id='word_1_14' title='bbox 2105 979 2485 1063; x_wconf 82' lang='lat' dir='ltr'><strong>disponente</strong></span> 
     </span>
     <span class='ocr_line' id='line_1_4' title="bbox 582 1084 2485 1168; baseline -0.003 -16"><span class='ocrx_word' id='word_1_15' title='bbox 582 1090 884 1165; x_wconf 89' lang='lat' dir='ltr'><strong>Domin0,</strong></span> <span class='ocrx_word' id='word_1_16' title='bbox 916 1088 1228 1151; x_wconf 88' lang='lat' dir='ltr'><strong>hactenus</strong></span> <span class='ocrx_word' id='word_1_17' title='bbox 1272 1092 1348 1149; x_wconf 90' lang='lat' dir='ltr'><strong>ut</strong></span> <span class='ocrx_word' id='word_1_18' title='bbox 1386 1085 1570 1168; x_wconf 89' lang='lat' dir='ltr'><strong>potui</strong></span> <span class='ocrx_word' id='word_1_19' title='bbox 1611 1091 1677 1148; x_wconf 93' lang='lat' dir='ltr'><strong>et</strong></span> <span class='ocrx_word' id='word_1_20' title='bbox 1717 1084 1888 1162; x_wconf 88' lang='lat' dir='ltr'><strong>scivi,</strong></span> <span class='ocrx_word' id='word_1_21' title='bbox 1919 1084 2074 1161; x_wconf 88' lang='lat' dir='ltr'><strong>rexi,</strong></span> <span class='ocrx_word' id='word_1_22' title='bbox 2111 1084 2307 1146; x_wconf 88' lang='lat' dir='ltr'><strong>talem</strong></span> <span class='ocrx_word' id='word_1_23' title='bbox 2352 1090 2485 1146; x_wconf 89' lang='lat' dir='ltr'><strong>stu-</strong></span> 
     </span>
     <span class='ocr_line' id='line_1_5' title="bbox 580 1186 2489 1273; baseline -0.003 -18"><span class='ocrx_word' id='word_1_24' title='bbox 580 1192 784 1255; x_wconf 89' lang='lat' dir='ltr'><strong>deatis</strong></span> <span class='ocrx_word' id='word_1_25' title='bbox 829 1190 1177 1273; x_wconf 88' lang='lat' dir='ltr'><strong>subrogare</strong></span> <span class='ocrx_word' id='word_1_26' title='bbox 1207 1195 1528 1272; x_wconf 83' lang='lat' dir='ltr'><strong>pastorem</strong></span> <span class='ocrx_word' id='word_1_27' title='bbox 1557 1187 1668 1270; x_wconf 91' lang='lat' dir='ltr'><strong>qui</strong></span> <span class='ocrx_word' id='word_1_28' title='bbox 1697 1193 1885 1250; x_wconf 88' lang='lat' dir='ltr'><strong>tanta</strong></span> <span class='ocrx_word' id='word_1_29' title='bbox 1928 1187 2077 1250; x_wconf 89' lang='lat' dir='ltr'><strong>sede</strong></span> <span class='ocrx_word' id='word_1_30' title='bbox 2117 1208 2250 1250; x_wconf 91' lang='lat' dir='ltr'><strong>non</strong></span> <span class='ocrx_word' id='word_1_31' title='bbox 2280 1186 2489 1249; x_wconf 85' lang='lat' dir='ltr'><strong>videa-</strong></span> 
     </span>
     <span class='ocr_line' id='line_1_6' title="bbox 583 1291 2492 1377; baseline -0.002 -18"><span class='ocrx_word' id='word_1_32' title='bbox 583 1303 694 1359; x_wconf 90' lang='lat' dir='ltr'><strong>tur</strong></span> <span class='ocrx_word' id='word_1_33' title='bbox 749 1295 1080 1377; x_wconf 89' lang='lat' dir='ltr'><strong>indignus,</strong></span> <span class='ocrx_word' id='word_1_34' title='bbox 1134 1293 1239 1357; x_wconf 90' lang='lat' dir='ltr'><strong>cui</strong></span> <span class='ocrx_word' id='word_1_35' title='bbox 1295 1292 1522 1374; x_wconf 88' lang='lat' dir='ltr'><strong>religio</strong></span> <span class='ocrx_word' id='word_1_36' title='bbox 1590 1292 1838 1375; x_wconf 89' lang='lat' dir='ltr'><strong>placeat</strong></span> <span class='ocrx_word' id='word_1_37' title='bbox 1896 1298 1963 1355; x_wconf 87' lang='lat' dir='ltr'><strong>et</strong></span> <span class='ocrx_word' id='word_1_38' title='bbox 2022 1291 2133 1375; x_wconf 90' lang='lat' dir='ltr'><strong>qui</strong></span> <span class='ocrx_word' id='word_1_39' title='bbox 2179 1291 2492 1355; x_wconf 87' lang='lat' dir='ltr'><strong>virtutum</strong></span> 
     </span>
     <span class='ocr_line' id='line_1_7' title="bbox 583 1393 2494 1480; baseline -0.003 -19"><span class='ocrx_word' id='word_1_40' title='bbox 583 1397 829 1461; x_wconf 88' lang='lat' dir='ltr'><strong>meritis</strong></span> <span class='ocrx_word' id='word_1_41' title='bbox 889 1396 1140 1480; x_wconf 87' lang='lat' dir='ltr'><strong>placere</strong></span> <span class='ocrx_word' id='word_1_42' title='bbox 1200 1393 1500 1458; x_wconf 85' lang='lat' dir='ltr'><strong>credatur</strong></span> <span class='ocrx_word' id='word_1_43' title='bbox 1558 1393 1888 1458; x_wconf 88' lang='lat' dir='ltr'><strong>altissimo.</strong></span> <span class='ocrx_word' id='word_1_44' title='bbox 2000 1394 2236 1457; x_wconf 81' lang='lat' dir='ltr'><strong>Fidelis</strong></span> <span class='ocrx_word' id='word_1_45' title='bbox 2287 1399 2494 1458; x_wconf 88' lang='lat' dir='ltr'><strong>vester</strong></span> 
     </span>
     <span class='ocr_line' id='line_1_8' title="bbox 585 1497 2494 1574; baseline -0.002 -10"><span class='ocrx_word' id='word_1_46' title='bbox 585 1523 750 1565; x_wconf 87' lang='lat' dir='ltr'><strong>sum.</strong></span> <span class='ocrx_word' id='word_1_47' title='bbox 841 1500 1043 1564; x_wconf 84' lang='lat' dir='ltr'><strong>Vobis</strong></span> <span class='ocrx_word' id='word_1_48' title='bbox 1084 1498 1421 1562; x_wconf 90' lang='lat' dir='ltr'><strong>consilium</strong></span> <span class='ocrx_word' id='word_1_49' title='bbox 1467 1497 1689 1574; x_wconf 90' lang='lat' dir='ltr'><strong>debeo,</strong></span> <span class='ocrx_word' id='word_1_50' title='bbox 1722 1503 1787 1560; x_wconf 89' lang='lat' dir='ltr'><strong>et</strong></span> <span class='ocrx_word' id='word_1_51' title='bbox 1828 1517 1974 1560; x_wconf 89' lang='lat' dir='ltr'><strong>ecce</strong></span> <span class='ocrx_word' id='word_1_52' title='bbox 2012 1517 2226 1561; x_wconf 88' lang='lat' dir='ltr'><strong>coram</strong></span> <span class='ocrx_word' id='word_1_53' title='bbox 2258 1497 2397 1560; x_wconf 89' lang='lat' dir='ltr'><strong>Deo</strong></span> <span class='ocrx_word' id='word_1_54' title='bbox 2429 1504 2494 1560; x_wconf 92' lang='lat' dir='ltr'><strong>et</strong></span> 
     </span>
     <span class='ocr_line' id='line_1_9' title="bbox 587 1600 2495 1685; baseline -0.003 -17"><span class='ocrx_word' id='word_1_55' title='bbox 587 1604 889 1669; x_wconf 90' lang='lat' dir='ltr'><strong>omnibus</strong></span> <span class='ocrx_word' id='word_1_56' title='bbox 934 1602 1173 1666; x_wconf 88' lang='lat' dir='ltr'><strong>sanctis</strong></span> <span class='ocrx_word' id='word_1_57' title='bbox 1226 1602 1364 1685; x_wconf 87' lang='lat' dir='ltr'><strong>ejus</strong></span> <span class='ocrx_word' id='word_1_58' title='bbox 1412 1600 1750 1664; x_wconf 89' lang='lat' dir='ltr'><strong>consilium</strong></span> <span class='ocrx_word' id='word_1_59' title='bbox 1802 1600 1902 1664; x_wconf 87' lang='lat' dir='ltr'><strong>do.</strong></span> <span class='ocrx_word' id='word_1_60' title='bbox 1992 1600 2149 1664; x_wconf 91' lang='lat' dir='ltr'><strong>Non</strong></span> <span class='ocrx_word' id='word_1_61' title='bbox 2194 1600 2495 1682; x_wconf 79' lang='lat' dir='ltr'><strong>quaeratis</strong></span> 
     </span>
     <span class='ocr_line' id='line_1_10' title="bbox 587 1702 2495 1788; baseline -0.002 -18"><span class='ocrx_word' id='word_1_62' title='bbox 587 1706 659 1770; x_wconf 94' lang='lat' dir='ltr'><strong>in</strong></span> <span class='ocrx_word' id='word_1_63' title='bbox 703 1708 824 1770; x_wconf 85' lang='lat' dir='ltr'><strong>hac</strong></span> <span class='ocrx_word' id='word_1_64' title='bbox 866 1727 938 1769; x_wconf 90' lang='lat' dir='ltr'><strong>re</strong></span> <span class='ocrx_word' id='word_1_65' title='bbox 980 1726 1123 1788; x_wconf 84' lang='lat' dir='ltr'><strong>quae</strong></span> <span class='ocrx_word' id='word_1_66' title='bbox 1151 1711 1364 1767; x_wconf 85' lang='lat' dir='ltr'><strong>vestra</strong></span> <span class='ocrx_word' id='word_1_67' title='bbox 1403 1709 1575 1781; x_wconf 91' lang='lat' dir='ltr'><strong>sunt,</strong></span> <span class='ocrx_word' id='word_1_68' title='bbox 1610 1703 1720 1767; x_wconf 90' lang='lat' dir='ltr'><strong>sed</strong></span> <span class='ocrx_word' id='word_1_69' title='bbox 1752 1724 1893 1786; x_wconf 81' lang='lat' dir='ltr'><strong>quse</strong></span> <span class='ocrx_word' id='word_1_70' title='bbox 1925 1702 2067 1766; x_wconf 88' lang='lat' dir='ltr'><strong>Dei.</strong></span> <span class='ocrx_word' id='word_1_71' title='bbox 2161 1702 2333 1768; x_wconf 77' lang='lat' dir='ltr'><strong>Quia</strong></span> <span class='ocrx_word' id='word_1_72' title='bbox 2375 1724 2495 1785; x_wconf 91' lang='lat' dir='ltr'><strong>ego</strong></span> 
     </span>
     <span class='ocr_line' id='line_1_11' title="bbox 591 1806 2496 1893; baseline -0.002 -20"><span class='ocrx_word' id='word_1_73' title='bbox 591 1831 708 1893; x_wconf 82' lang='lat' dir='ltr'><strong>pro</strong></span> <span class='ocrx_word' id='word_1_74' title='bbox 755 1830 831 1872; x_wconf 88' lang='lat' dir='ltr'><strong>eo</strong></span> <span class='ocrx_word' id='word_1_75' title='bbox 875 1808 1158 1892; x_wconf 88' lang='lat' dir='ltr'><strong>spondeo</strong></span> <span class='ocrx_word' id='word_1_76' title='bbox 1202 1806 1379 1871; x_wconf 91' lang='lat' dir='ltr'><strong>vobis</strong></span> <span class='ocrx_word' id='word_1_77' title='bbox 1425 1806 1597 1890; x_wconf 92' lang='lat' dir='ltr'><strong>quod</strong></span> <span class='ocrx_word' id='word_1_78' title='bbox 1646 1807 1701 1869; x_wconf 91' lang='lat' dir='ltr'><strong>si</strong></span> <span class='ocrx_word' id='word_1_79' title='bbox 1740 1827 2000 1870; x_wconf 87' lang='lat' dir='ltr'><strong>causam</strong></span> <span class='ocrx_word' id='word_1_80' title='bbox 2044 1807 2182 1890; x_wconf 88' lang='lat' dir='ltr'><strong>ejus</strong></span> <span class='ocrx_word' id='word_1_81' title='bbox 2221 1806 2496 1870; x_wconf 90' lang='lat' dir='ltr'><strong>fideliter</strong></span> 
     </span>
     <span class='ocr_line' id='line_1_12' title="bbox 590 1909 2491 1993; baseline -0.001 -19"><span class='ocrx_word' id='word_1_82' title='bbox 590 1909 1100 1993; x_wconf 82' lang='lat' dir='ltr'><strong>procuraveritis,</strong></span> <span class='ocrx_word' id='word_1_83' title='bbox 1132 1915 1199 1973; x_wconf 88' lang='lat' dir='ltr'><strong>et</strong></span> <span class='ocrx_word' id='word_1_84' title='bbox 1227 1909 1364 1991; x_wconf 89' lang='lat' dir='ltr'><strong>ipse</strong></span> <span class='ocrx_word' id='word_1_85' title='bbox 1392 1916 1671 1972; x_wconf 87' lang='lat' dir='ltr'><strong>vestram</strong></span> <span class='ocrx_word' id='word_1_86' title='bbox 1710 1909 2048 1972; x_wconf 90' lang='lat' dir='ltr'><strong>utilissime</strong></span> <span class='ocrx_word' id='word_1_87' title='bbox 2078 1909 2491 1992; x_wconf 85' lang='lat' dir='ltr'><strong>promovebit.</strong></span> 
     </span>
     <span class='ocr_line' id='line_1_13' title="bbox 593 2010 2584 2089; baseline 0.001 -14"><span class='ocrx_word' id='word_1_88' title='bbox 593 2014 751 2075; x_wconf 90' lang='lat' dir='ltr'><strong>Post</strong></span> <span class='ocrx_word' id='word_1_89' title='bbox 779 2012 1016 2074; x_wconf 88' lang='lat' dir='ltr'><strong>multas</strong></span> <span class='ocrx_word' id='word_1_90' title='bbox 1049 2010 1434 2088; x_wconf 85' lang='lat' dir='ltr'><strong>vexationes,</strong></span> <span class='ocrx_word' id='word_1_91' title='bbox 1460 2017 1719 2074; x_wconf 88' lang='lat' dir='ltr'><strong>auctore</strong></span> <span class='ocrx_word' id='word_1_92' title='bbox 1750 2012 1910 2089; x_wconf 88' lang='lat' dir='ltr'><strong>Deo,</strong></span> <span class='ocrx_word' id='word_1_93' title='bbox 1933 2012 2005 2074; x_wconf 88' lang='lat' dir='ltr'><strong>in</strong></span> <span class='ocrx_word' id='word_1_94' title='bbox 2036 2012 2299 2075; x_wconf 86' lang='lat' dir='ltr'><strong>ecclesia</strong></span> <span class='ocrx_word' id='word_1_95' title='bbox 2329 2013 2497 2076; x_wconf 86' lang='lat' dir='ltr'><strong>Can·</strong></span> <span class='ocrx_word' id='word_1_96' title='bbox 2575 2047 2584 2052; x_wconf 74' lang='lat'><em>,</em></span> 
     </span>
     <span class='ocr_line' id='line_1_14' title="bbox 592 2113 2498 2198; baseline -0.001 -20"><span class='ocrx_word' id='word_1_97' title='bbox 592 2114 905 2178; x_wconf 90' lang='lat' dir='ltr'><strong>tuariensi</strong></span> <span class='ocrx_word' id='word_1_98' title='bbox 955 2113 1439 2177; x_wconf 81' lang='lat' dir='ltr'><strong>reformavimus</strong></span> <span class='ocrx_word' id='word_1_99' title='bbox 1490 2134 1748 2197; x_wconf 90' lang='lat' dir='ltr'><strong>pacem:</strong></span> <span class='ocrx_word' id='word_1_100' title='bbox 1808 2113 2135 2196; x_wconf 86' lang='lat' dir='ltr'><strong>religionis</strong></span> <span class='ocrx_word' id='word_1_101' title='bbox 2184 2116 2498 2198; x_wconf 89' lang='lat' dir='ltr'><strong>promovi-</strong></span> 
     </span>
     <span class='ocr_line' id='line_1_15' title="bbox 595 2215 2502 2294; baseline 0 -14"><span class='ocrx_word' id='word_1_102' title='bbox 595 2239 742 2281; x_wconf 90' lang='lat' dir='ltr'><strong>mus</strong></span> <span class='ocrx_word' id='word_1_103' title='bbox 772 2216 1056 2294; x_wconf 81' lang='lat' dir='ltr'><strong>cultum3</strong></span> <span class='ocrx_word' id='word_1_104' title='bbox 1103 2215 1367 2279; x_wconf 88' lang='lat' dir='ltr'><strong>idoneos</strong></span> <span class='ocrx_word' id='word_1_105' title='bbox 1403 2236 1480 2279; x_wconf 83' lang='lat' dir='ltr'><strong>ex</strong></span> <span class='ocrx_word' id='word_1_106' title='bbox 1521 2216 1915 2279; x_wconf 87' lang='lat' dir='ltr'><strong>conscientia</strong></span> <span class='ocrx_word' id='word_1_107' title='bbox 1957 2222 2179 2279; x_wconf 85' lang='lat' dir='ltr'><strong>nostra</strong></span> <span class='ocrx_word' id='word_1_108' title='bbox 2207 2217 2502 2280; x_wconf 83' lang='lat' dir='ltr'><strong>custodes</strong></span> 
     </span>
     <span class='ocr_line' id='line_1_16' title="bbox 596 2317 2501 2405; baseline -0.001 -22"><span class='ocrx_word' id='word_1_109' title='bbox 596 2319 996 2405; x_wconf 72' lang='lat' dir='ltr'><strong>praefecimus</strong></span> <span class='ocrx_word' id='word_1_110' title='bbox 1026 2318 1270 2381; x_wconf 90' lang='lat' dir='ltr'><strong>ordini:</strong></span> <span class='ocrx_word' id='word_1_111' title='bbox 1312 2317 1540 2401; x_wconf 89' lang='lat' dir='ltr'><strong>nequis</strong></span> <span class='ocrx_word' id='word_1_112' title='bbox 1569 2339 1793 2381; x_wconf 90' lang='lat' dir='ltr'><strong>eorum</strong></span> <span class='ocrx_word' id='word_1_113' title='bbox 1834 2319 2213 2404; x_wconf 89' lang='lat' dir='ltr'><strong>cujusquam</strong></span> <span class='ocrx_word' id='word_1_114' title='bbox 2244 2320 2501 2382; x_wconf 88' lang='lat' dir='ltr'><strong>temeri-</strong></span> 
     </span>
     <span class='ocr_line' id='line_1_17' title="bbox 596 2421 2501 2505; baseline -0.001 -18"><span class='ocrx_word' id='word_1_115' title='bbox 596 2431 733 2487; x_wconf 87' lang='lat' dir='ltr'><strong>tate</strong></span> <span class='ocrx_word' id='word_1_116' title='bbox 782 2429 1092 2498; x_wconf 89' lang='lat' dir='ltr'><strong>mutetur,</strong></span> <span class='ocrx_word' id='word_1_117' title='bbox 1140 2427 1487 2504; x_wconf 87' lang='lat' dir='ltr'><strong>antequam</strong></span> <span class='ocrx_word' id='word_1_118' title='bbox 1535 2421 2045 2504; x_wconf 87' lang='lat' dir='ltr'><strong>archiepiscopus</strong></span> <span class='ocrx_word' id='word_1_119' title='bbox 2098 2421 2501 2505; x_wconf 85' lang='lat' dir='ltr'><strong>subrogetur,</strong></span> 
     </span>
     <span class='ocr_line' id='line_1_18' title="bbox 597 2525 2503 2611; baseline 0.002 -22"><span class='ocrx_word' id='word_1_120' title='bbox 597 2526 931 2611; x_wconf 89' lang='lat' dir='ltr'><strong>prohibeat</strong></span> <span class='ocrx_word' id='word_1_121' title='bbox 976 2525 1266 2609; x_wconf 85' lang='lat' dir='ltr'><strong>dignatio</strong></span> <span class='ocrx_word' id='word_1_122' title='bbox 1304 2532 1535 2604; x_wconf 87' lang='lat' dir='ltr'><strong>vestra,</strong></span> <span class='ocrx_word' id='word_1_123' title='bbox 1568 2547 1803 2609; x_wconf 88' lang='lat' dir='ltr'><strong>eosque</strong></span> <span class='ocrx_word' id='word_1_124' title='bbox 1847 2527 2159 2605; x_wconf 90' lang='lat' dir='ltr'><strong>cohibeat,</strong></span> <span class='ocrx_word' id='word_1_125' title='bbox 2198 2527 2309 2611; x_wconf 91' lang='lat' dir='ltr'><strong>qui</strong></span> <span class='ocrx_word' id='word_1_126' title='bbox 2353 2529 2503 2592; x_wconf 90' lang='lat' dir='ltr'><strong>scis-</strong></span> 
     </span>
     <span class='ocr_line' id='line_1_19' title="bbox 598 2628 2505 2713; baseline 0.001 -20"><span class='ocrx_word' id='word_1_127' title='bbox 598 2651 778 2693; x_wconf 85' lang='lat' dir='ltr'><strong>suras</strong></span> <span class='ocrx_word' id='word_1_128' title='bbox 825 2635 890 2692; x_wconf 89' lang='lat' dir='ltr'><strong>et</strong></span> <span class='ocrx_word' id='word_1_129' title='bbox 934 2650 1099 2692; x_wconf 88' lang='lat' dir='ltr'><strong>nova</strong></span> <span class='ocrx_word' id='word_1_130' title='bbox 1140 2628 1477 2692; x_wconf 87' lang='lat' dir='ltr'><strong>molimina</strong></span> <span class='ocrx_word' id='word_1_131' title='bbox 1519 2629 1887 2708; x_wconf 85' lang='lat' dir='ltr'><strong>molientur,</strong></span> <span class='ocrx_word' id='word_1_132' title='bbox 1927 2631 2232 2713; x_wconf 85' lang='lat' dir='ltr'><strong>quoniam</strong></span> <span class='ocrx_word' id='word_1_133' title='bbox 2276 2638 2342 2695; x_wconf 94' lang='lat' dir='ltr'><strong>et</strong></span> <span class='ocrx_word' id='word_1_134' title='bbox 2387 2653 2505 2696; x_wconf 91' lang='lat' dir='ltr'><strong>nos</strong></span> 
     </span>
     <span class='ocr_line' id='line_1_20' title="bbox 602 2731 2507 2798; baseline 0.001 -1"><span class='ocrx_word' id='word_1_135' title='bbox 602 2734 725 2797; x_wconf 92' lang='lat' dir='ltr'><strong>hoc</strong></span> <span class='ocrx_word' id='word_1_136' title='bbox 778 2732 897 2795; x_wconf 89' lang='lat' dir='ltr'><strong>sub</strong></span> <span class='ocrx_word' id='word_1_137' title='bbox 952 2732 1362 2795; x_wconf 88' lang='lat' dir='ltr'><strong>anathemate</strong></span> <span class='ocrx_word' id='word_1_138' title='bbox 1412 2731 1814 2797; x_wconf 89' lang='lat' dir='ltr'><strong>inhibuimus</strong></span> <span class='ocrx_word' id='word_1_139' title='bbox 1867 2740 1932 2796; x_wconf 90' lang='lat' dir='ltr'><strong>et</strong></span> <span class='ocrx_word' id='word_1_140' title='bbox 1984 2754 2091 2797; x_wconf 88' lang='lat' dir='ltr'><strong>eos</strong></span> <span class='ocrx_word' id='word_1_141' title='bbox 2144 2755 2507 2798; x_wconf 84' lang='lat' dir='ltr'><strong>excommu-</strong></span> 
     </span>
     <span class='ocr_line' id='line_1_21' title="bbox 605 2816 2507 2915; baseline 0.001 -21"><span class='ocrx_word' id='word_1_142' title='bbox 605 2831 979 2908; x_wconf 88' lang='lat' dir='ltr'><strong>nicavimus,</strong></span> <span class='ocrx_word' id='word_1_143' title='bbox 1013 2830 1123 2913; x_wconf 92' lang='lat' dir='ltr'><strong>qui</strong></span> <span class='ocrx_word' id='word_1_144' title='bbox 1164 2828 1647 2914; x_wconf 89' lang='lat' dir='ltr'><strong>dispositionem</strong></span> <span class='ocrx_word' id='word_1_145' title='bbox 1692 2816 1954 2908; x_wconf 75' lang='lat' dir='ltr'><strong>ordiniS‚</strong></span> <span class='ocrx_word' id='word_1_146' title='bbox 1987 2853 2179 2915; x_wconf 89' lang='lat' dir='ltr'><strong>quam</strong></span> <span class='ocrx_word' id='word_1_147' title='bbox 2219 2833 2507 2911; x_wconf 88' lang='lat' dir='ltr'><strong>fecimus,</strong></span> 
     </span>
     <span class='ocr_line' id='line_1_22' title="bbox 609 2921 2510 3017; baseline 0.002 -20"><span class='ocrx_word' id='word_1_148' title='bbox 609 2940 1004 3017; x_wconf 74' lang='lat' dir='ltr'><strong>praesument</strong></span> <span class='ocrx_word' id='word_1_149' title='bbox 1062 2934 1428 2997; x_wconf 85' lang='lat' dir='ltr'><strong>immutare.</strong></span> <span class='ocrx_word' id='word_1_150' title='bbox 1527 2934 1848 2997; x_wconf 75' lang='lat' dir='ltr'><strong>Praeterea</strong></span> <span class='ocrx_word' id='word_1_151' title='bbox 1906 2935 2200 2998; x_wconf 81' lang='lat' dir='ltr'><strong>alumnos</strong></span> <span class='ocrx_word' id='word_1_152' title='bbox 2258 2921 2510 3000; x_wconf 82' lang='lat' dir='ltr'><strong>nostros</strong></span> 
     </span>
     <span class='ocr_line' id='line_1_23' title="bbox 609 3035 2511 3121; baseline 0 -21"><span class='ocrx_word' id='word_1_153' title='bbox 609 3037 870 3100; x_wconf 87' lang='lat' dir='ltr'><strong>clericos</strong></span> <span class='ocrx_word' id='word_1_154' title='bbox 916 3043 983 3099; x_wconf 94' lang='lat' dir='ltr'><strong>et</strong></span> <span class='ocrx_word' id='word_1_155' title='bbox 1022 3035 1234 3114; x_wconf 86' lang='lat' dir='ltr'><strong>laicos,</strong></span> <span class='ocrx_word' id='word_1_156' title='bbox 1267 3058 1425 3117; x_wconf 90' lang='lat' dir='ltr'><strong>quos</strong></span> <span class='ocrx_word' id='word_1_157' title='bbox 1454 3038 1660 3099; x_wconf 87' lang='lat' dir='ltr'><strong>nostri</strong></span> <span class='ocrx_word' id='word_1_158' title='bbox 1705 3045 1769 3100; x_wconf 92' lang='lat' dir='ltr'><strong>et</strong></span> <span class='ocrx_word' id='word_1_159' title='bbox 1811 3057 1975 3120; x_wconf 77' lang='lat' dir='ltr'><strong>saepe</strong></span> <span class='ocrx_word' id='word_1_160' title='bbox 2004 3038 2194 3101; x_wconf 87' lang='lat' dir='ltr'><strong>vestri</strong></span> <span class='ocrx_word' id='word_1_161' title='bbox 2224 3038 2511 3121; x_wconf 87' lang='lat' dir='ltr'><strong>obsequii</strong></span> 
     </span>
     <span class='ocr_line' id='line_1_24' title="bbox 609 3138 2510 3223; baseline 0.003 -24"><span class='ocrx_word' id='word_1_162' title='bbox 609 3138 937 3200; x_wconf 90' lang='lat' dir='ltr'><strong>ministros</strong></span> <span class='ocrx_word' id='word_1_163' title='bbox 964 3138 1327 3214; x_wconf 87' lang='lat' dir='ltr'><strong>habuimus,</strong></span> <span class='ocrx_word' id='word_1_164' title='bbox 1360 3145 1585 3201; x_wconf 87' lang='lat' dir='ltr'><strong>vestrae</strong></span> <span class='ocrx_word' id='word_1_165' title='bbox 1615 3139 2077 3202; x_wconf 87' lang='lat' dir='ltr'><strong>committimus</strong></span> <span class='ocrx_word' id='word_1_166' title='bbox 2105 3141 2510 3223; x_wconf 89' lang='lat' dir='ltr'><strong>protectioni,</strong></span> 
     </span>
     <span class='ocr_line' id='line_1_25' title="bbox 609 3239 2512 3321; baseline 0.002 -19"><span class='ocrx_word' id='word_1_167' title='bbox 609 3245 912 3320; x_wconf 87' lang='lat' dir='ltr'><strong>rogantes</strong></span> <span class='ocrx_word' id='word_1_168' title='bbox 956 3245 1032 3301; x_wconf 92' lang='lat' dir='ltr'><strong>ut</strong></span> <span class='ocrx_word' id='word_1_169' title='bbox 1077 3259 1218 3321; x_wconf 89' lang='lat' dir='ltr'><strong>quae</strong></span> <span class='ocrx_word' id='word_1_170' title='bbox 1261 3240 1339 3301; x_wconf 90' lang='lat' dir='ltr'><strong>iis</strong></span> <span class='ocrx_word' id='word_1_171' title='bbox 1383 3239 1794 3315; x_wconf 89' lang='lat' dir='ltr'><strong>contulimus,</strong></span> <span class='ocrx_word' id='word_1_172' title='bbox 1832 3242 2322 3305; x_wconf 88' lang='lat' dir='ltr'><strong>misericorditer</strong></span> <span class='ocrx_word' id='word_1_173' title='bbox 2362 3265 2512 3306; x_wconf 91' lang='lat' dir='ltr'><strong>con-</strong></span> 
     </span>
     <span class='ocr_line' id='line_1_26' title="bbox 611 3341 2515 3426; baseline 0.002 -21"><span class='ocrx_word' id='word_1_174' title='bbox 611 3341 873 3405; x_wconf 87' lang='lat' dir='ltr'><strong>servetis</strong></span> <span class='ocrx_word' id='word_1_175' title='bbox 934 3361 1054 3404; x_wconf 93' lang='lat' dir='ltr'><strong>nec</strong></span> <span class='ocrx_word' id='word_1_176' title='bbox 1123 3362 1230 3403; x_wconf 92' lang='lat' dir='ltr'><strong>eos</strong></span> <span class='ocrx_word' id='word_1_177' title='bbox 1289 3341 1623 3423; x_wconf 87' lang='lat' dir='ltr'><strong>patiamini</strong></span> <span class='ocrx_word' id='word_1_178' title='bbox 1699 3342 1966 3425; x_wconf 85' lang='lat' dir='ltr'><strong>alicujus</strong></span> <span class='ocrx_word' id='word_1_179' title='bbox 2036 3346 2515 3426; x_wconf 89' lang='lat' dir='ltr'><strong>opportunitate</strong></span> 
     </span>
     <span class='ocr_line' id='line_1_27' title="bbox 611 3442 2512 3510; baseline 0.001 -1"><span class='ocrx_word' id='word_1_180' title='bbox 611 3444 844 3509; x_wconf 84' lang='lat' dir='ltr'><strong>vexari.</strong></span> <span class='ocrx_word' id='word_1_181' title='bbox 934 3442 1179 3507; x_wconf 87' lang='lat' dir='ltr'><strong>Audiat</strong></span> <span class='ocrx_word' id='word_1_182' title='bbox 1233 3443 1442 3506; x_wconf 87' lang='lat' dir='ltr'><strong>adhuc</strong></span> <span class='ocrx_word' id='word_1_183' title='bbox 1492 3443 1811 3506; x_wconf 89' lang='lat' dir='ltr'><strong>Dominus</strong></span> <span class='ocrx_word' id='word_1_184' title='bbox 1865 3465 2046 3508; x_wconf 91' lang='lat' dir='ltr'><strong>meus</strong></span> <span class='ocrx_word' id='word_1_185' title='bbox 2098 3446 2512 3510; x_wconf 90' lang='lat' dir='ltr'><strong>clementissi-</strong></span> 
     </span>
     <span class='ocr_line' id='line_1_28' title="bbox 612 3546 2516 3629; baseline 0.001 -17"><span class='ocrx_word' id='word_1_186' title='bbox 612 3570 758 3612; x_wconf 88' lang='lat' dir='ltr'><strong>mus</strong></span> <span class='ocrx_word' id='word_1_187' title='bbox 805 3547 1071 3611; x_wconf 87' lang='lat' dir='ltr'><strong>verbum</strong></span> <span class='ocrx_word' id='word_1_188' title='bbox 1122 3568 1347 3623; x_wconf 88' lang='lat' dir='ltr'><strong>unum,</strong></span> <span class='ocrx_word' id='word_1_189' title='bbox 1388 3553 1453 3609; x_wconf 90' lang='lat' dir='ltr'><strong>et</strong></span> <span class='ocrx_word' id='word_1_190' title='bbox 1499 3546 1936 3629; x_wconf 88' lang='lat' dir='ltr'><strong>egredientem</strong></span> <span class='ocrx_word' id='word_1_191' title='bbox 1980 3550 2261 3612; x_wconf 88' lang='lat' dir='ltr'><strong>animam</strong></span> <span class='ocrx_word' id='word_1_192' title='bbox 2307 3571 2516 3614; x_wconf 89' lang='lat' dir='ltr'><strong>meam</strong></span> 
     </span>
     <span class='ocr_line' id='line_1_29' title="bbox 612 3650 2517 3718; baseline 0.001 -3"><span class='ocrx_word' id='word_1_193' title='bbox 612 3653 916 3715; x_wconf 78' lang='lat' dir='ltr'><strong>laetificet.</strong></span> <span class='ocrx_word' id='word_1_194' title='bbox 1010 3650 1368 3713; x_wconf 86' lang='lat' dir='ltr'><strong>Residuum</strong></span> <span class='ocrx_word' id='word_1_195' title='bbox 1411 3650 1730 3714; x_wconf 89' lang='lat' dir='ltr'><strong>bonorum</strong></span> <span class='ocrx_word' id='word_1_196' title='bbox 1775 3658 2141 3716; x_wconf 86' lang='lat' dir='ltr'><strong>nostrorum</strong></span> <span class='ocrx_word' id='word_1_197' title='bbox 2184 3653 2517 3718; x_wconf 90' lang='lat' dir='ltr'><strong>mobilium</strong></span> 
     </span>
     <span class='ocr_line' id='line_1_30' title="bbox 617 3754 2519 3837; baseline 0.002 -19"><span class='ocrx_word' id='word_1_198' title='bbox 617 3763 682 3818; x_wconf 89' lang='lat' dir='ltr'><strong>et</strong></span> <span class='ocrx_word' id='word_1_199' title='bbox 724 3776 866 3837; x_wconf 86' lang='lat' dir='ltr'><strong>quae</strong></span> <span class='ocrx_word' id='word_1_200' title='bbox 905 3775 1112 3837; x_wconf 91' lang='lat' dir='ltr'><strong>usque</strong></span> <span class='ocrx_word' id='word_1_201' title='bbox 1157 3754 1238 3817; x_wconf 88' lang='lat' dir='ltr'><strong>ad</strong></span> <span class='ocrx_word' id='word_1_202' title='bbox 1278 3754 1524 3817; x_wconf 84' lang='lat' dir='ltr'><strong>exitum</strong></span> <span class='ocrx_word' id='word_1_203' title='bbox 1565 3775 1682 3836; x_wconf 86' lang='lat' dir='ltr'><strong>pro</strong></span> <span class='ocrx_word' id='word_1_204' title='bbox 1721 3755 1969 3819; x_wconf 88' lang='lat' dir='ltr'><strong>incerto</strong></span> <span class='ocrx_word' id='word_1_205' title='bbox 1998 3757 2144 3820; x_wconf 83' lang='lat' dir='ltr'><strong>vitae</strong></span> <span class='ocrx_word' id='word_1_206' title='bbox 2174 3764 2240 3820; x_wconf 90' lang='lat' dir='ltr'><strong>et</strong></span> <span class='ocrx_word' id='word_1_207' title='bbox 2272 3758 2519 3821; x_wconf 88' lang='lat' dir='ltr'><strong>diutur-</strong></span> 
     </span>
     <span class='ocr_line' id='line_1_31' title="bbox 618 3849 2521 3940; baseline 0.004 -21"><span class='ocrx_word' id='word_1_208' title='bbox 618 3858 824 3920; x_wconf 89' lang='lat' dir='ltr'><strong>nitate</strong></span> <span class='ocrx_word' id='word_1_209' title='bbox 877 3849 1277 3940; x_wconf 78' lang='lat' dir='ltr'><strong>aegritu‘dinis</strong></span> <span class='ocrx_word' id='word_1_210' title='bbox 1324 3856 1392 3919; x_wconf 94' lang='lat' dir='ltr'><strong>in</strong></span> <span class='ocrx_word' id='word_1_211' title='bbox 1444 3878 1600 3920; x_wconf 90' lang='lat' dir='ltr'><strong>usus</strong></span> <span class='ocrx_word' id='word_1_212' title='bbox 1654 3858 2034 3923; x_wconf 89' lang='lat' dir='ltr'><strong>domesticos</strong></span> <span class='ocrx_word' id='word_1_213' title='bbox 2080 3860 2213 3923; x_wconf 87' lang='lat' dir='ltr'><strong>visa</strong></span> <span class='ocrx_word' id='word_1_214' title='bbox 2263 3861 2521 3926; x_wconf 85' lang='lat' dir='ltr'><strong>fuerant</strong></span> 
     </span>
     <span class='ocr_line' id='line_1_32' title="bbox 621 3959 2522 4045; baseline 0.004 -23"><span class='ocrx_word' id='word_1_215' title='bbox 621 3960 1071 4037; x_wconf 83' lang='lat' dir='ltr'><strong>conservanda,</strong></span> <span class='ocrx_word' id='word_1_216' title='bbox 1092 3961 1260 4023; x_wconf 90' lang='lat' dir='ltr'><strong>sicut</strong></span> <span class='ocrx_word' id='word_1_217' title='bbox 1290 3959 1447 4023; x_wconf 91' lang='lat' dir='ltr'><strong>deus</strong></span> <span class='ocrx_word' id='word_1_218' title='bbox 1476 3960 1831 4043; x_wconf 87' lang='lat' dir='ltr'><strong>inspiravit,</strong></span> <span class='ocrx_word' id='word_1_219' title='bbox 1855 3969 2000 4045; x_wconf 91' lang='lat' dir='ltr'><strong>post</strong></span> <span class='ocrx_word' id='word_1_220' title='bbox 2031 3963 2274 4027; x_wconf 85' lang='lat' dir='ltr'><strong>exitum</strong></span> <span class='ocrx_word' id='word_1_221' title='bbox 2304 3986 2522 4029; x_wconf 91' lang='lat' dir='ltr'><strong>meum</strong></span> 
     </span>
     <span class='ocr_line' id='line_1_33' title="bbox 624 4061 2554 4145; baseline 0.004 -22"><span class='ocrx_word' id='word_1_222' title='bbox 624 4062 895 4144; x_wconf 87' lang='lat' dir='ltr'><strong>praecepi</strong></span> <span class='ocrx_word' id='word_1_223' title='bbox 934 4061 1321 4145; x_wconf 88' lang='lat' dir='ltr'><strong>pauperibus</strong></span> <span class='ocrx_word' id='word_1_224' title='bbox 1352 4063 1601 4144; x_wconf 87' lang='lat' dir='ltr'><strong>erogari</strong></span> <span class='ocrx_word' id='word_1_225' title='bbox 1626 4088 1644 4139; x_wconf 73' lang='grc' dir='ltr'><strong><em>ς</em></strong></span> <span class='ocrx_word' id='word_1_226' title='bbox 1689 4063 1851 4140; x_wconf 84' lang='lat' dir='ltr'><strong>illos,</strong></span> <span class='ocrx_word' id='word_1_227' title='bbox 1885 4064 1994 4145; x_wconf 91' lang='lat' dir='ltr'><strong>qui</strong></span> <span class='ocrx_word' id='word_1_228' title='bbox 2029 4064 2320 4128; x_wconf 87' lang='lat' dir='ltr'><strong>fraudem</strong></span> <span class='ocrx_word' id='word_1_229' title='bbox 2352 4088 2522 4130; x_wconf 89' lang='lat' dir='ltr'><strong>com·</strong></span> <span class='ocrx_word' id='word_1_230' title='bbox 2553 4065 2554 4068; x_wconf 64' lang='grc'>’</span> 
     </span>
     <span class='ocr_line' id='line_1_34' title="bbox 626 4165 2527 4249; baseline 0.003 -21"><span class='ocrx_word' id='word_1_231' title='bbox 626 4165 911 4241; x_wconf 88' lang='lat' dir='ltr'><strong>mittent,</strong></span> <span class='ocrx_word' id='word_1_232' title='bbox 944 4172 1057 4228; x_wconf 88' lang='lat' dir='ltr'><strong>aut</strong></span> <span class='ocrx_word' id='word_1_233' title='bbox 1101 4166 1212 4247; x_wconf 91' lang='lat' dir='ltr'><strong>qui</strong></span> <span class='ocrx_word' id='word_1_234' title='bbox 1257 4167 1599 4247; x_wconf 89' lang='lat' dir='ltr'><strong>quominus</strong></span> <span class='ocrx_word' id='word_1_235' title='bbox 1640 4188 1755 4249; x_wconf 90' lang='lat' dir='ltr'><strong>pro</strong></span> <span class='ocrx_word' id='word_1_236' title='bbox 1793 4168 1999 4240; x_wconf 88' lang='lat' dir='ltr'><strong>salute</strong></span> <span class='ocrx_word' id='word_1_237' title='bbox 2038 4190 2183 4231; x_wconf 89' lang='lat' dir='ltr'><strong>mea</strong></span> <span class='ocrx_word' id='word_1_238' title='bbox 2222 4176 2287 4232; x_wconf 95' lang='lat' dir='ltr'><strong>et</strong></span> <span class='ocrx_word' id='word_1_239' title='bbox 2316 4177 2527 4233; x_wconf 87' lang='lat' dir='ltr'><strong>vestra</strong></span> 
     </span>
     <span class='ocr_line' id='line_1_35' title="bbox 629 4265 2527 4353; baseline 0.002 -23"><span class='ocrx_word' id='word_1_240' title='bbox 629 4273 696 4330; x_wconf 93' lang='lat' dir='ltr'><strong>et</strong></span> <span class='ocrx_word' id='word_1_241' title='bbox 739 4265 1087 4329; x_wconf 90' lang='lat' dir='ltr'><strong>liberorum</strong></span> <span class='ocrx_word' id='word_1_242' title='bbox 1129 4274 1484 4331; x_wconf 89' lang='lat' dir='ltr'><strong>vestrorum</strong></span> <span class='ocrx_word' id='word_1_243' title='bbox 1532 4275 1897 4351; x_wconf 88' lang='lat' dir='ltr'><strong>erogentur,</strong></span> <span class='ocrx_word' id='word_1_244' title='bbox 1949 4270 2321 4353; x_wconf 89' lang='lat' dir='ltr'><strong>impedient,</strong></span> <span class='ocrx_word' id='word_1_245' title='bbox 2377 4292 2527 4333; x_wconf 87' lang='lat' dir='ltr'><strong>ana-</strong></span> 
     </span>
     <span class='ocr_line' id='line_1_36' title="bbox 627 4356 2525 4454; baseline 0.001 -21"><span class='ocrx_word' id='word_1_246' title='bbox 627 4370 915 4434; x_wconf 88' lang='lat' dir='ltr'><strong>themate</strong></span> <span class='ocrx_word' id='word_1_247' title='bbox 951 4372 1090 4454; x_wconf 87' lang='lat' dir='ltr'><strong>jam</strong></span> <span class='ocrx_word' id='word_1_248' title='bbox 1127 4356 1550 4454; x_wconf 83' lang='lat' dir='ltr'><strong>promulgato,</strong></span> <span class='ocrx_word' id='word_1_249' title='bbox 1585 4372 2041 4435; x_wconf 87' lang='lat' dir='ltr'><strong>condemnans.</strong></span> <span class='ocrx_word' id='word_1_250' title='bbox 2136 4372 2368 4434; x_wconf 87' lang='lat' dir='ltr'><strong>Ratam</strong></span> <span class='ocrx_word' id='word_1_251' title='bbox 2413 4372 2525 4435; x_wconf 87' lang='lat' dir='ltr'><strong>ha-</strong></span> 
     </span>
     <span class='ocr_line' id='line_1_37' title="bbox 628 4472 2527 4556; baseline 0.001 -19"><span class='ocrx_word' id='word_1_252' title='bbox 628 4473 795 4551; x_wconf 87' lang='lat' dir='ltr'><strong>bete,</strong></span> <span class='ocrx_word' id='word_1_253' title='bbox 845 4473 896 4535; x_wconf 91' lang='lat' dir='ltr'><strong>si</strong></span> <span class='ocrx_word' id='word_1_254' title='bbox 943 4473 1170 4556; x_wconf 91' lang='lat' dir='ltr'><strong>placet,</strong></span> <span class='ocrx_word' id='word_1_255' title='bbox 1220 4472 1702 4556; x_wconf 89' lang='lat' dir='ltr'><strong>dispositionem</strong></span> <span class='ocrx_word' id='word_1_256' title='bbox 1753 4495 1982 4552; x_wconf 85' lang='lat' dir='ltr'><strong>meam,</strong></span> <span class='ocrx_word' id='word_1_257' title='bbox 2031 4481 2096 4537; x_wconf 92' lang='lat' dir='ltr'><strong>et</strong></span> <span class='ocrx_word' id='word_1_258' title='bbox 2134 4495 2276 4537; x_wconf 89' lang='lat' dir='ltr'><strong>eam</strong></span> <span class='ocrx_word' id='word_1_259' title='bbox 2319 4481 2463 4538; x_wconf 87' lang='lat' dir='ltr'><strong>tran</strong></span> <span class='ocrx_word' id='word_1_260' title='bbox 2471 4498 2527 4538; x_wconf 89' lang='lat' dir='ltr'><strong>s-</strong></span> 
     </span>
    </p>
   </div>
  </div>
 </body>
</html>
