3200 5392
591 968 729 1012 Aa).
768 948 1160 1030 nol—89]
1264 966 1763 1031 Lonnomunsls
1798 968 2151 1012 smsroLAE.
2415 950 2497 1012 19

766 1299 1207 1366 EPISTOLA
1246 1301 1881 1366 CCLXXXV.-—An
1916 1322 1983 1366 11.
2019 1322 2325 1366 commum

1341 1424 1757 1468 nont-onom.

596 1553 671 1614 G.
714 1552 836 1615 Dei
877 1555 1095 1635 qratia
1139 1554 1588 1618 Londoniensis
1630 1556 1965 1637 episcopus,
2013 1554 2346 1618 venerabili
2394 1553 2500 1616 do-

676 1656 840 1718 mino
888 1661 948 1718 et
996 1658 1192 1719 amico
1239 1677 1348 1720 suo
1398 1658 1720 1720 carissimo
1760 1658 1841 1720 H.
1889 1658 2099 1720 comiti
2143 1654 2498 1738 Norfolcioe,

673 1759 936 1821 salutem
966 1764 1026 1822 et
1057 1759 1461 1823 dilectionem.

681 1909 1096 1973 Rnsronsuu
1129 1911 1586 1974 canonicorum
1629 1910 1710 1974 de
1749 1911 2126 1987 Panteneia,
2160 1909 2392 1973 nuntio
2421 1907 2505 1971 ad

589 2030 709 2074 nos
738 2010 1070 2089 redeunte,
1102 2017 1171 2075 et
1207 2012 1426 2076 literas
1465 2012 1733 2096 capituli
1777 2011 1878 2076 sui
1922 2010 2133 2094 sigillo
2160 2010 2503 2094 impressas

595 2112 925 2191 afferente,
972 2115 1387 2197 suscepimus,
1435 2136 1562 2198 quo
1609 2137 1718 2178 vos
1765 2113 2100 2178 certificari
2151 2113 2504 2196 postulant,

596 2214 767 2296 quod
804 2235 927 2278 nec
970 2216 1332 2297 pecuniam,
1363 2237 1484 2280 nec
1511 2223 1774 2293 terram,
1805 2236 1927 2279 nec
1959 2215 2301 2297 quicquam
2333 2212 2506 2277 aliud

592 2337 632 2380 a
673 2316 849 2381 vobis
895 2319 1220 2402 accepturi
1264 2327 1438 2398 sunt,
1469 2327 1546 2383 ut
1590 2320 1768 2384 vobis
1807 2320 2235 2384 Panteneiam
2280 2340 2505 2384 conce-

593 2419 772 2499 dant,
817 2426 883 2485 et
927 2421 1009 2485 ab
1054 2442 1131 2485 ea
1175 2443 1366 2506 quam
1414 2422 1717 2486 adversus
1763 2443 1874 2486 vos
1921 2420 2295 2500 intendunt,
2341 2422 2504 2504 peti-

592 2522 770 2587 tione
809 2523 1134 2589 recedant.
1226 2525 1511 2589 Exilium
1553 2524 1769 2589 subire
1810 2531 1877 2589 et
1918 2525 2181 2588 adversa
2218 2531 2295 2587 ut
2335 2545 2506 2587 asse·

591 2632 748 2690 runt
808 2647 1079 2710 quaeque
1138 2628 1386 2711 perpeti
1444 2627 1653 2711 magis
1711 2627 1983 2711 eligunt,
2038 2649 2233 2711 quam
2291 2628 2503 2691 locum

592 2728 876 2794 Domino
934 2738 1399 2810 consecratum,
1453 2739 1520 2796 et
1580 2732 1814 2796 divinis
1871 2730 2096 2795 usibus
2159 2732 2508 2814 apostolica

589 2833 830 2896 totiens
876 2833 1259 2898 auctoritate
1302 2836 1778 2914 confirmatum,
1811 2835 2114 2917 cuiquam
2154 2833 2399 2912 cedere,
2441 2840 2508 2898 et

592 2935 673 2998 ab
722 2936 988 3000 ecclesia
1034 2937 1316 3001 alienare
1362 2939 1797 3002 consentiant.
1886 2937 2054 3002 Inde
2102 2944 2200 3000 est
2249 2937 2422 3020 quod
2469 2954 2509 3001 a

590 3036 776 3101 nobis
823 3036 1147 3104 instanter
1192 3038 1482 3122 exigunt,
1533 3046 1611 3104 ut
1658 3040 1916 3104 effectui
1962 3039 2347 3103 mandatum
2395 3039 2507 3102 do-

589 3140 749 3204 mini
779 3163 960 3224 papae
989 3142 1451 3226 mancipemus,
1482 3151 1549 3207 et
1580 3143 1755 3227 quod
1787 3142 1975 3207 nobis
2003 3142 2379 3226 injunctum
2409 3148 2508 3205 est

589 3264 780 3325 super
818 3244 910 3307 eis
949 3245 1311 3309 exhibenda
1331 3246 1614 3330 justitia,
1643 3245 1917 3310 ulterius
1946 3267 2082 3310 non
2112 3245 2505 3309 differamus.

592 3345 762 3407 Inde
790 3351 888 3409 est
917 3345 1090 3427 quod
1119 3346 1502 3411 familiarem
1532 3354 1819 3411 vestrum
1859 3355 1927 3411 et
1967 3348 2268 3424 amicum,
2301 3347 2506 3410 domi-

590 3469 753 3510 nnm
797 3447 1202 3531 Stephanum
1247 3448 1633 3512 canonicum
1676 3454 1914 3512 sanctae
1950 3448 2237 3532 Osythae,
2270 3448 2353 3511 ad
2396 3470 2507 3512 vos

590 3549 915 3614 destinare
957 3550 1344 3631 curavimus,
1374 3559 1452 3617 ut
1482 3551 1653 3636 quod
1698 3551 2004 3615 nolumus
2049 3550 2288 3633 scripto
2332 3571 2506 3614 com-

589 3653 866 3733 mittere,
908 3675 1024 3738 per
1064 3655 1275 3738 ipsum
1320 3655 1499 3720 vobis
1543 3655 1927 3739 aperiamus.
2020 3653 2214 3723 Scitis
2243 3653 2504 3737 quidem

591 3757 1038 3822 necessitatem
1083 3759 1252 3823 hanc
1295 3758 1483 3823 nobis
1527 3757 1924 3836 incumbere,
1963 3763 2042 3820 ut
2084 3762 2201 3822 aut
2244 3763 2504 3822 senten-

586 3858 747 3921 tiam
792 3858 1189 3942 proferamus
1217 3860 1284 3923 in
1317 3882 1449 3939 vos,
1482 3867 1597 3924 aut
1628 3881 1888 3925 causam
1918 3881 2047 3942 qua
2074 3859 2507 3944 praepedimur

588 3961 851 4027 domino
880 3983 1062 4046 papae
1092 3964 1566 4028 denuntiemus.
1655 3964 1851 4031 Quod
1879 3985 2027 4027 cum
2060 3963 2401 4044 exstiterit,
2432 3964 2504 4028 in

586 4064 876 4147 proximo
926 4066 1222 4130 futurum
1270 4073 1388 4145 est,
1436 4074 1512 4132 ut
1561 4068 1734 4151 quod
1783 4088 1823 4130 a
1865 4064 2051 4130 nobis
2095 4065 2179 4129 ad
2221 4087 2503 4150 praesens

586 4169 893 4234 omissum
925 4177 1045 4249 est,
1077 4169 1158 4233 ab
1187 4170 1327 4253 ipso
1356 4170 1780 4253 proculdubio
1809 4170 2227 4253 compleatur,
2260 4176 2326 4233 et
2356 4190 2502 4234 sen-

586 4271 795 4336 tentia
823 4294 1018 4355 quam
1062 4271 1145 4336 ad
1187 4292 1468 4357 praesens
1498 4274 1665 4338 forte
1695 4273 2070 4351 differimus,
2099 4277 2290 4336 tanto
2332 4272 2500 4355 peri-

587 4372 866 4440 culosius
893 4375 966 4439 in
994 4394 1124 4454 vos,
1156 4383 1401 4458 quanto
1443 4397 1483 4440 a
1513 4375 1737 4460 judice
1765 4376 1960 4459 longe
1990 4374 2328 4453 sanctiore,
2360 4373 2501 4438 lon-

589 4499 795 4562 geque
840 4477 1211 4542 sublimiore
1239 4474 1620 4562 proferatur.
1713 4478 1909 4542 Unde
1940 4477 2092 4562 quia
2118 4497 2338 4541 rerum
2368 4476 2500 4540 exi-⁴

579 4588 688 4646 tus
732 4581 1016 4664 prudens
1060 4581 1346 4660 metitur,
1392 4581 1601 4664 magis
1646 4581 1905 4665 quidem
1949 4580 2032 4646 ob
2078 4579 2491 4653 commodum

1490 4704 1524 4746 c
1557 4687 1599 4748 2
