3200 5392
0 14 3166 314 —

578 955 713 997 Am.
753 935 1146 1018 1161—89.]
1247 955 1581 998 EPIS'POLAE
1615 955 1938 1005 QUAEDAM.
2358 938 2481 1000 113

577 1090 703 1131 nus
744 1069 981 1147 existit,
1014 1069 1426 1134 serenitatem
1472 1077 1655 1133 tuam
1701 1090 1815 1152 per
1860 1069 2206 1153 apostolica
2249 1070 2485 1152 scripta

576 1191 898 1254 rogamus,
928 1193 1267 1236 monemus
1313 1179 1378 1236 et
1423 1172 1839 1236 exhortamur
1882 1172 1951 1234 in
1997 1172 2279 1236 Domino
2311 1171 2483 1255 quod

578 1273 785 1337 eidem
827 1273 1056 1338 divinae
1096 1275 1524 1338 miserationis
1563 1275 1809 1339 intuitu
1856 1280 1922 1338 et
1965 1295 2081 1357 pro
2124 1275 2485 1338 reverentia

576 1369 750 1435 beati
792 1372 968 1435 Petri
1017 1380 1083 1437 et
1134 1378 1358 1437 nostra
1405 1372 1921 1455 indignationem
1972 1382 2154 1436 tuam
2202 1375 2479 1437 clemen-

577 1478 679 1536 ter
715 1474 1026 1552 remittas,
1068 1482 1135 1538 et
1174 1476 1383 1557 ipsum
1432 1475 1513 1539 ad
1563 1476 1826 1539 domum
1874 1480 1941 1538 et
1983 1496 2248 1539 uxorem
2297 1496 2480 1539 suam

575 1574 807 1636 reverti
852 1579 918 1637 et
960 1574 1201 1639 ibidem
1241 1578 1455 1658 quiete
1495 1584 1562 1640 et
1600 1577 1800 1640 libere
1839 1598 2215 1660 permanere
2254 1598 2479 1641 conce-

516 1753 519 1756 <
577 1670 709 1749 das,
750 1692 974 1755 pacem
1006 1669 1257 1756 quoque
1287 1681 1469 1737 tuam
1500 1674 1708 1738 eidem
1751 1682 1816 1738 et
1857 1676 1987 1739 suis
2026 1675 2381 1758 indulgeas,
2414 1682 2481 1739 et

578 1774 894 1853 universa,
929 1796 1070 1857 quae
1110 1776 1241 1839 suis
1280 1776 1521 1859 injuste
1558 1776 1774 1840 ablata
1812 1787 1985 1855 sunt,
2016 1757 2136 1860 ipsi
2173 1778 2368 1841 facias
2412 1777 2484 1841 in

575 1876 905 1959 integrum
941 1879 1273 1961 resignari,
1305 1887 1381 1943 ut
1421 1901 1538 1944 nos
1579 1881 1990 1944 clementiam
2019 1880 2261 1963 regiam
2291 1901 2478 1964 prop·

575 1983 677 2039 ter
704 1976 827 2040 hoc
861 1978 933 2039 in
971 1978 1255 2042 Domino
1283 1980 1635 2062 plurimum
1666 1980 2114 2044 commendare
2144 1979 2478 2063 possimus,

519 2122 531 2133 .
581 2081 647 2136 et
680 2075 1067 2138 sublimitati
1101 2083 1235 2140 tuae
1265 2082 1604 2140 teneamur
1636 2078 1871 2159 gratias
1900 2077 2130 2141 uberes
2162 2076 2477 2140 exhibere.

572 2396 1015 2461 EPISTOLA
1068 2398 1904 2464 CCCLXXX.-EwsnnM
1938 2418 2031 2463 An
2064 2419 2475 2464 LvnovaM.

574 2548 934 2611 Alexander
978 2551 1312 2630 episcopus,
1356 2569 1567 2613 servus
1617 2569 1930 2612 servorum
1975 2550 2114 2627 Dei,
2160 2550 2478 2612 carissimo

657 2655 724 2714 in
773 2652 1017 2715 Christo
1049 2650 1192 2733 filio
1240 2652 1572 2730 Dudovico,
1623 2653 1857 2714 illustri
1897 2652 2278 2716 Francorum
2327 2654 2476 2733 reyi,

657 2755 917 2817 salutem
946 2760 1007 2817 et
1035 2756 1435 2836 apostolicam
1467 2754 1954 2817 benedictionem.

663 2902 1025 2968 QUAm'rna
1084 2904 1465 2968 venerabilis
1538 2905 1611 2968 in
1671 2903 1930 2967 Christo
1987 2903 2187 2967 frater
2259 2908 2480 2965 noster

574 3005 850 3069 Thomas
910 3005 1394 3069 Cantuariensis
1454 3005 1983 3088 archiepiscopus,
2043 3025 2159 3088 pro
2233 3002 2478 3067 tuenda

572 3108 852 3172 ecclesiae
890 3107 1188 3171 libertate
1229 3115 1294 3171 et
1335 3108 1673 3172 devotione
1703 3115 1944 3185 nostra,
1978 3130 2016 3171 a
2045 3107 2194 3171 sede
2224 3106 2478 3190 propria

573 3209 922 3272 decreverit
951 3209 1166 3290 potius
1197 3210 1472 3287 exulare,
1505 3231 1701 3291 quam
1731 3211 1800 3271 in
1833 3210 2292 3273 detrimentum
2328 3229 2474 3272 nos-

571 3317 749 3373 trum
793 3318 860 3372 et
897 3311 1218 3391 jacturam
1259 3311 1539 3374 ecclesiae
1581 3310 1904 3373 ullatenus
1948 3311 2347 3387 consentire3
2395 3308 2478 3373 ad

573 3431 732 3494 quas
763 3410 959 3474 etiam
989 3403 1402 3474 necessitates
1430 3411 1644 3493 ipsum
1684 3430 1833 3473 cum
1871 3411 2011 3473 aliis
2053 3410 2478 3493 prudentibus

571 3522 638 3580 et
683 3513 972 3577 discretis
1017 3512 1185 3590 viris,
1219 3513 1330 3595 qui
1374 3534 1523 3576 eum
1568 3513 1764 3576 etiam
1805 3513 1876 3575 in
1915 3512 2295 3576 adversitate
2339 3517 2475 3574 tam

569 3615 981 3682 laudabiliter
1021 3636 1212 3697 quam
1258 3614 1534 3679 fideliter
1576 3614 1937 3691 imitantur,
1969 3614 2022 3677 si
2059 3613 2253 3695 (quod
2297 3613 2476 3676 Deus

571 3720 839 3800 avertat)
876 3717 989 3781 diu
1018 3718 1428 3800 persequutio
1459 3716 1803 3794 duraverit,
1835 3722 2126 3799 oporteat
2157 3715 2472 3793 devenire,

569 3831 687 3886 tua
716 3821 870 3885 satis
901 3820 1279 3884 excellentia
1305 3819 1729 3902 recognoscit.
1806 3819 2020 3896 Unde,
2051 3819 2202 3883 licet
2229 3818 2473 3901 regiam

570 3924 1085 4008 magnitudinem
1127 3923 1210 3986 ad
1249 3944 1441 4006 opera
1479 3922 1737 4005 pietatis
1779 3923 1871 3985 ita
1910 3922 2270 3986 noverimus
2307 3942 2472 3984 sem-

569 4047 684 4109 per
718 4013 855 4090 esse
893 4027 1235 4101 intentam,
1266 4032 1343 4088 ut
1383 4025 1578 4088 etiam
1618 4023 2016 4088 cessantibus
2055 4025 2291 4088 nostris
2329 4045 2471 4106 pre·

571 4127 770 4204 cibus,
803 4127 902 4190 his
934 4129 1045 4209 qui
1074 4148 1190 4210 pro
1220 4127 1361 4191 Deo
1391 4136 1457 4190 et
1481 4128 1735 4209 justitia
1774 4136 1839 4190 et
1881 4127 2130 4190 unitate
2161 4126 2474 4190 catholica

570 4231 1134 4313 persequutionem
1167 4231 1509 4306 sustinent,
1541 4230 1676 4293 sola
1713 4228 1952 4311 pietate
1991 4230 2276 4292 monitus
2318 4249 2470 4291 aux-

568 4331 755 4395 ilium
785 4329 1073 4393 conferas
1104 4338 1169 4394 et
1201 4333 1505 4408 solamen,
1538 4332 1709 4414 quod
1753 4331 1948 4394 etiam
1987 4331 2060 4394 in
2096 4331 2236 4412 ipso
2273 4329 2472 4391 fratre

569 4440 793 4497 nostro
844 4432 983 4514 jam
1037 4434 1312 4498 maxime
1364 4434 1611 4517 experti
1661 4454 1903 4511 sumus,
1954 4440 2178 4496 tamen
2227 4428 2472 4510 regiam

30 4443 39 4684 ,
567 4534 1088 4620 magnitudinem
1137 4535 1423 4599 sollicitis
1469 4537 1540 4598 in
1586 4537 1872 4600 Domino
1915 4532 2209 4616 precibus
2253 4551 2469 4594 exora-

657 4665 766 4700 011..
791 4664 904 4699 1²01..
942 4664 1066 4699 ³¹01..
1092 4663 1149 4697 11.
1503 4659 1528 4700 Ῑ
