3200 5392
582 892 713 934 ω.
750 871 1149 954 uel-sa]
1248 874 1581 934 ammona
1615 873 1943 945 etiamn.
2360 860 2485 937 183

579 1006 838 1071 domino
870 1006 1324 1070 Cantuariensi
1359 1006 1431 1068 in
1471 1026 1621 1071 eum
1653 1027 2037 1090 quocunque
2065 1007 2257 1072 modo
2285 1009 2485 1073 latam

574 1108 805 1172 intime
853 1108 1336 1186 condoluimus3
1403 1109 1493 1171 sic
1544 1108 1628 1172 ad
1678 1109 2002 1172 indultam
2051 1109 2172 1173 sibi
2223 1132 2399 1174 nunc
2446 1133 2485 1175 a

577 1212 839 1276 domino
877 1234 1044 1296 papa
1082 1212 1553 1294 benignitatem
1594 1219 1660 1276 et
1700 1213 1976 1294 ‘gratiam
2015 1219 2155 1277 tota
2193 1214 2481 1278 cordium
2568 1280 2589 1287 Β,

574 1315 904 1379 alacritate
955 1315 1450 1399 congaudemus,
1554 1315 1826 1379 Noverit
1886 1315 2056 1379 enim
2112 1316 2482 1381 fraternitas

573 1428 783 1484 vestra
826 1441 944 1484 nos
988 1442 1027 1484 a
1070 1441 1322 1484 summo
1364 1420 1669 1503 pontifice
1715 1419 1783 1482 id
1828 1421 1900 1482 in
1939 1419 2261 1483 mandatis
2306 1442 2479 1484 acce-

571 1523 759 1606 pisse,
791 1514 866 1586 ut
911 1534 1060 1587 eum
1106 1542 1146 1585 a
1182 1523 1317 1606 jam
1365 1518 1538 1585 dicta
1581 1521 1908 1584 sententia
1947 1512 2293 1604 apostolica
2332 1534 2480 1586 auc-

569 1626 832 1690 toritate
873 1625 1361 1704 absolveremuS,
1394 1624 1774 1708 sicquidem
1804 1633 1880 1688 ut
1910 1623 1992 1688 ob
2022 1626 2294 1689 eandem
2337 1647 2480 1690 sen-

568 1730 844 1792 tentiam
875 1730 1121 1792 nullam
1149 1728 1410 1811 penitus
1439 1727 1723 1790 infamiae
1754 1735 1976 1791 notam
2009 1729 2322 1793 sustineat
2357 1750 2479 1793 nec

568 1830 848 1908 lionoris,
899 1828 1233 1914 dignitatis
1285 1838 1398 1894 aut
1458 1829 1701 1894 ordinis
1755 1820 2217 1894 detrimentum
2268 1830 2477 1895 ullum

569 1935 835 1997 omnino
892 1920 1201 1996 incurrat.
1317 1933 1510 1997 Quod
1569 1941 1645 1995 ut
1706 1931 1891 1996 nobis
1950 1934 2319 2016 injunctum
2378 1940 2476 1998 est

570 2034 881 2098 habentes
938 2034 1246 2099 mandato
1299 2035 1507 2117 operis
1566 2034 1801 2097 ‘effectu
1859 2035 2174 2117 complere
2234 2036 2475 2099 curavi-

568 2152 750 2200 mus:
798 2145 864 2201 et
901 2139 1039 2221 jam
1084 2135 1327 2200 dictum
1372 2136 1638 2199 fratrem
1670 2142 1966 2199 nostrum
1997 2158 2036 2199 a
2062 2137 2196 2200 lata
2222 2138 2294 2199 in
2323 2159 2474 2201 eum

569 2241 910 2320 sententia,
943 2242 1179 2304 summi
1224 2238 1541 2323 pontificis
1572 2238 1954 2302 auctoritate
1985 2240 2023 2302 a
2052 2239 2236 2303 nobis
2268 2238 2473 2303 solen-

562 2344 736 2406 niter
780 2334 1169 2419 absolutum,
1203 2340 1453 2406 dilectae
1497 2341 1685 2405 nobis
1730 2341 1800 2404 in
1846 2330 2130 2405 Domino
2162 2342 2471 2405 'universi-

562 2446 686 2511 tati
725 2453 951 2510 vestrae
989 2445 1408 2529 praesentium
1438 2432 1890 2508 testificatione
1922 2444 2466 2509 commendamus.

561 2547 794 2612 Valere
825 2558 935 2613 vos'
966 2552 1264 2631 optamus
1294 2547 1365 2610 in
1395 2545 1697 2624 Domino,
1730 2546 2060 2610 carissimi.

586 2846 1027 2927 EPISTOLA
1068 2845 2005 2927 ccccxxxiv-mosum
2039 2866 2128 2926 ,m
2163 2864 2441 2927 012an

995 2986 1079 3029 ET
1111 2968 1430 3029 ‘P'o‘PULUM
1465 2966 2029 3028 LoNnoNiENsEM.

555 3118 859 3178 Rotrocus
881 3116 1010 3178 Dei
1033 3116 1248 3196 qratia
1266 3115 1801 3196 Rothomayiensis
1831 3115 2340 3196 archiepiscopus,
2367 3116 2461 3177 di-

641 3219 815 3280 lectis
842 3219 911 3279 in
950 3218 1193 3279 Christo
1211 3217 1557 3299 fratribus,
1591 3218 1752 3279 clero
1797 3221 1859 3277 et
1889 3218 2122 3296 populo
2149 3217 2461 3279 Londom‘-

643 3316 807 3378 ensis
835 3318 1236 3396 episcopatus,
1265 3316 1544 3392 salutem,
1568 3316 1847 3395 ,qratiam
1877 3319 1937 3377 et
1969 3314 2460 3378 benedictionem.

644 3465 1154 3529 Umvensmmt
1201 3465 1429 3527 vestrae
1473 3471 1705 3527 notum
1748 3463 2018 3527 facimus
2059 3461 2230 3546 'quod
2275 3464 2462 3526 irene-

553 3567 822 3632 rabilem
866 3567 1131 3630 fratrem'
1175 3574 1469 3630 nostrum
1502 3564 1888 3643 Gilbertu'm,
1921 3566 2288 3649 episcopum
2322 3570 2458 3629 ves-

554 3680 749 3749 trum,
776 3692 815 3734 a
836 3670 1180 3748 sententia,
1202 3690 1395 3752 quam
1425 3669 1497 3732 in
1519 3674 1671 3732 eum
1699 3666 2055 3752 protulerat
2087 3672 2459 3732 excommu-

475 3812 482 3815 ,
552 3774 889 3837 nicationis
921 3772 1403 3836 cantuariensis
1445 3772 1976 3854 archiepiscopus,
2008 3771 2314 3835 mandato
2346 3771 2455 3835 do-

554 3877 715 3939 mini
751 3898 931 3959 papae
971 3875 1376 3953 absolvimus,
1410 3874 1490 3938 de
1526 3874 1832 3938 mandato
1871 3874 2010 3957 ejus
2050 3874 2172 3937 hoc
2211 3873 2453 3938 haben-

553 3985 672 4056 teS,
703 3985 777 4041 ut
819 3999 935 4060 pro
980 3998 1055 4041 eo
1098 3977 1269 4060 quod
1315 3977 1903 4040 excommunicatus
1938 3976 2150 4054 fuerit,
2183 3994 2302 4040 nec
2342 3976 2456 4040 ho-

554 4081 728 4145 noris
779 4102 899 4144 nec
950 4080 1139 4144 officii
1190 4081 1652 4144 detrimentum
1710 4101 1831 4143 nec
1887 4079 2173 4142 infamiae
2232 4087 2454 4143 notam

556 4184 889 4247 sustineat.
966 4182 1163 4245 Unde
1193 4183 1575 4246 auctoritate
1607 4181 1851 4246 domini
1879 4202 2061 4264 papae
2089 4181 2267 4245 vobis
2295 4201 2454 4263 prae-

554 4286 823 4370 cipimus
869 4284 1172 4367 quatinus
1211 4285 1290 4363 ei,
1331 4293 1643 4368 tanquam
1683 4307 1723 4349 a
1762 4284 2021 4349 domino
2064 4304 2231 4366 papa
2273 4281 2455 4345 abso-

552 4391 714 4467 luto,
746 4387 1215 4452 communicare
1243 4409 1377 4451 non
1408 4387 1736 4466 dubitetis,
1768 4386 2021 4450 solitam
2060 4391 2127 4448 et
2171 4383 2456 4447 debitam

555 4490 988 4558 obedientiam
1017 4495 1083 4553 et
1112 4490 1530 4553 reverentiam
1561 4489 1622 4553 ei
1652 4489 2046 4555 exhibentes.
2115 4487 2365 4551 Valete.
