3200 5392
825 795 912 855 34
1443 811 1763 853 cunnum
1801 810 2103 853 nrlscom

825 929 1036 1011 ipsum
1082 926 1387 990 orationis
1433 924 1780 989 obnoxium
1831 946 2060 1009 meque
2102 924 2224 988 tibi
2272 926 2494 1008 gratiae
2538 931 2613 989 ut
2664 926 2733 987 in

827 1028 1125 1093 omnibus
1156 1025 1504 1091 exhibebis,

1143 1326 1584 1391 EPISTOLA
1632 1325 2163 1390 CCXCIV.—An
2200 1373 2419 1388 .....

916 1479 1152 1541 Molus
1185 1499 1322 1541 esse
1352 1478 1514 1541 solet
1545 1477 1923 1553 amantium,
1954 1482 2030 1538 ut
2073 1475 2166 1540 rei
2211 1476 2461 1540 dilectae
2501 1476 2733 1539 menti-

831 1601 1023 1644 onem
1083 1601 1420 1663 nunquam
1480 1579 1704 1643 audire
1762 1579 2115 1656 fastidiant,
2171 1578 2327 1661 quin
2384 1579 2598 1662 potius
2658 1599 2738 1642 ex

829 1683 968 1766 ipsa
996 1681 1453 1747 confabulandi
1481 1682 1867 1765 frequentia,
1899 1681 2225 1746 humanus
2263 1683 2531 1746 affectus
2570 1682 2738 1745 circa

831 1806 968 1849 rem
1001 1806 1190 1867 quam
1224 1784 1455 1868 diligit,
1488 1783 1762 1867 amplius
1791 1784 2167 1848 inardescat.

921 1887 1085 1952 Quae
1108 1888 1191 1951 ad
1219 1888 1531 1953 honorem
1555 1887 1682 1951 Dei
1711 1892 1776 1950 et
1806 1886 2157 1951 utilitatem
2189 1893 2429 1966 sanctae
2459 1887 2739 1951 ecclesiae

830 1991 902 2055 in
950 2012 1106 2053 usus
1150 2011 1504 2073 pauperum
1551 1988 1888 2054 devotione
1933 1989 2221 2052 fidelium
2267 1988 2522 2052 conlata
2564 1994 2737 2065 sunt,
2770 1993 2789 2011 “

834 2093 926 2158 eis
970 2114 1376 2176 nequaquam
1419 2093 1721 2176 cuiquam
1760 2091 2126 2156 temeritate
2174 2099 2327 2155 sunt
2372 2090 2741 2166 auferenda,

833 2197 947 2260 sed
976 2196 1068 2260 eis
1098 2197 1312 2279 potius
1344 2195 1739 2259 observanda
1769 2201 1923 2257 sunt
1953 2201 2018 2258 et
2050 2194 2364 2277 augenda.

920 2299 1021 2361 Ex
1061 2318 1187 2379 quo
1226 2304 1454 2360 vestrae
1497 2317 1785 2379 personae
1822 2295 2123 2358 notitiam
2165 2294 2530 2372 habuimus,
2561 2294 2739 2358 vobis

831 2397 1229 2481 propensiori
1259 2397 1523 2460 caritate
1554 2396 1958 2473 adhaesimus,
1991 2402 2056 2459 et
2104 2395 2188 2459 ad
2224 2403 2510 2459 vestrum
2538 2394 2739 2459 hono-

832 2521 972 2564 rem
1022 2500 1319 2581 quotiens
1363 2520 1430 2561 se
1475 2498 1920 2581 opportunitas
1968 2496 2222 2577 obtulit,
2273 2503 2526 2562 attenta
2573 2499 2749 2562 solli-2

834 2601 1122 2666 citudine
1172 2622 1428 2685 operam
1475 2601 1789 2664 dedimus.
1880 2600 2047 2665 Inde
2093 2605 2209 2679 est,
2255 2600 2427 2682 quod
2477 2621 2553 2663 ea
2596 2622 2742 2686 quae

835 2705 1191 2769 literaturae
1243 2711 1308 2767 et
1358 2703 1687 2767 honestati
1738 2709 1968 2766 vestrae
2014 2702 2289 2765 honores
2342 2703 2744 2767 accumulare

835 2807 1155 2884 videntur,
1196 2806 1563 2869 discretioni
1606 2812 1833 2869 vestrae
1880 2804 2277 2868 confidenter
2315 2805 2739 2887 suggerimus.

839 2911 1170 2991 Rogamus
1221 2909 1442 2990 itaque
1494 2907 1830 2970 omnifarie
1878 2915 1944 2970 et
1992 2928 2332 2970 monemus
2381 2907 2741 2992 diligenter,

839 3013 1144 3095 quatinus
1197 3011 1280 3076 D.
1331 3012 1634 3094 diligatis,
1683 3019 1748 3075 et
1796 3012 1879 3076 ad
1927 3012 2127 3095 ipsius
2177 3013 2535 3096 profectum
2585 3015 2741 3078 totis

839 3113 1080 3178 viribus
1137 3112 1510 3177 intendatis.
1618 3112 1949 3198 Siquidem
2007 3114 2358 3198 plurimum
2418 3135 2740 3180 commen-

838 3216 1115 3281 dationis
1168 3223 1233 3282 et
1285 3217 1513 3281 favoris
1564 3223 1777 3281 vestra
1827 3223 2256 3300 consequetur
2312 3218 2633 3296 honestas,
2688 3219 2742 3281 si

835 3326 1042 3383 tantae
1073 3319 1432 3383 honestatis
1473 3325 1539 3383 et
1576 3325 1715 3382 tam
1754 3318 2091 3402 profundae
2134 3319 2485 3385 literaturae
2512 3321 2737 3399 virum,

840 3444 1030 3505 quem
1064 3422 1446 3503 eloquentiae
1475 3421 1887 3502 pulchritudo
1916 3429 2235 3499 venustat,
2265 3422 2531 3486 ecclesia
2569 3423 2741 3486 Lon-

840 3522 1169 3586 doniensis
1215 3510 1552 3604 acceptum
1595 3521 1813 3600 habet,
1846 3529 1912 3586 et
1955 3522 2135 3586 valde
2180 3524 2607 3604 commendat,
2639 3547 2741 3589 ca-

839 3645 988 3686 rum
1033 3622 1387 3686 habueritis
1434 3629 1499 3686 et
1545 3624 1919 3688 studueritis
1964 3625 2261 3690 exaltare.
2351 3628 2744 3692 Provideatis

844 3747 997 3809 ergo
1050 3725 1111 3788 ei
1156 3726 1699 3808 quemadmodum
1745 3727 1970 3791 deceat
2015 3728 2277 3793 dantem
2323 3737 2388 3794 et
2433 3732 2746 3814 accipien-

842 3835 999 3907 tem,
1050 3849 1135 3892 ne
1185 3828 1351 3893 forte
1403 3829 1457 3891 si
1508 3829 1646 3912 ejus
1703 3835 1839 3893 tam
1897 3830 2244 3894 laudabilia
2299 3833 2532 3896 merita
2588 3834 2741 3897 irre-

843 3937 1183 3994 munerata
1233 3939 1592 4011 remanent,
1639 3933 1828 3996 famae
1876 3940 2100 3997 vestrae
2149 3934 2302 3998 inde
2352 3935 2582 3999 merito
2635 3937 2742 4000 de-

841 4035 1013 4098 trahi
1043 4043 1274 4118 posset.
