3200 5392
569 866 705 908 A.D.
746 850 863 908 116
876 851 903 907 1
915 845 1135 927 --89.]
1236 862 1571 905 EPISTOLAE
1604 862 1924 912 QUAEDAM.
2354 846 2384 905 1
2396 847 2474 908 75

571 1004 764 1066 quam
808 982 1093 1064 priorum
1135 1001 1173 1043 a
1214 978 1453 1042 dextris
1506 978 1666 1041 mihi
1712 979 1856 1041 luce
1903 978 2203 1061 liquidior
2243 979 2474 1043 adstat.

571 1085 772 1168 Cujus
823 1084 1053 1147 faciem
1101 1103 1358 1165 gravem
1411 1088 1477 1144 et
1523 1080 1885 1162 fulgentem
1937 1082 2227 1164 praedicti
2275 1082 2480 1146 archi-

570 1188 901 1271 episcopus
961 1195 1027 1249 et
1090 1184 1207 1247 viri
1276 1182 1553 1266 religiosi
1624 1204 1663 1245 a
1731 1183 1993 1247 domino
2052 1184 2483 1248 Ambianensi

571 1289 877 1352 destinati
914 1288 1264 1364 intuentes,
1307 1284 1505 1368 gavisi
1546 1292 1702 1348 sunt
1743 1285 1978 1366 gaudio
2020 1308 2260 1369 magno
2299 1287 2482 1351 valde

570 1398 637 1455 et
687 1391 934 1454 nullam
987 1410 1233 1453 moram
1281 1388 1695 1465 sustinenteS‚
1734 1388 1923 1470 juxta
1968 1388 2240 1452 formam
2286 1411 2480 1472 quam

566 1494 645 1557 iis
706 1493 1002 1558 dominus
1052 1514 1219 1575 papa
1279 1490 1748 1574 praescripserat
1798 1490 2236 1555 incontinenti
2287 1513 2391 1555 me
2444 1514 2483 1555 a

569 1597 984 1680 suspensione
1037 1617 1165 1678 qua
1206 1594 1478 1658 tenebar
1525 1593 1955 1672 absolverunt,
2010 1595 2324 1659 universis
2371 1597 2482 1679 qui

569 1700 837 1763 aderant
874 1698 1410 1762 benedicentibus
1441 1696 1821 1775 Dominum,
1855 1698 1968 1780 qui
2007 1699 2315 1781 superbos
2359 1699 2480 1763 hu-

568 1803 791 1880 miliat,
824 1803 935 1886 qui
965 1802 1286 1883 sapientes
1316 1801 1387 1863 in
1418 1801 1659 1863 astutia
1689 1822 1805 1863 sua
1834 1802 2338 1884 comprehendit,
2371 1802 2482 1886 qui

570 1905 650 1967 de
693 1903 1126 1967 misericordia
1170 1924 1287 1964 sua
1332 1909 1796 1984 praesumentes
1840 1903 2073 1966 liberat
2122 1911 2187 1967 et
2235 1905 2483 1968 vinctos

571 2007 786 2070 educit
815 2007 887 2068 in
916 2005 1320 2069 fortitudine.
1411 2005 1547 2086 Ipsi
1578 2005 1782 2085 gloria
1812 2013 1878 2068 et
1915 2027 2093 2069 nunc
2123 2014 2189 2070 et
2220 2028 2332 2089 per
2360 2008 2480 2070 im-

572 2108 870 2171 mortalia
899 2107 1131 2170 saecula
1160 2106 1558 2183 saeculorum,
1590 2107 1827 2168 Amen.
2195 2172 2215 2187 ,

660 2211 938 2273 Veniam
984 2215 1203 2272 autem
1249 2209 1329 2271 ad
1373 2229 1503 2285 vos,
1551 2207 1835 2271 Domino
1878 2208 2154 2286 volente,
2191 2208 2262 2271 in
2297 2229 2483 2291 prox-

572 2313 723 2390 imo,
769 2320 846 2375 ut
891 2310 1201 2396 gaudium
1246 2331 1464 2374 meum
1507 2309 1578 2372 in
1622 2309 1802 2373 vobis
1847 2309 2209 2391 impleatur.
2303 2310 2483 2375 Quos

573 2436 693 2498 ego
741 2416 913 2478 ultra
960 2435 1155 2497 quam
1199 2413 1324 2476 dici
1372 2413 1573 2496 possit
1614 2411 1829 2474 videre
1871 2411 2181 2476 desidero·
2274 2413 2482 2477 Bene-

574 2518 771 2583 dictio
802 2517 927 2581 Dei
966 2518 1168 2600 patris
1209 2523 1275 2580 et
1314 2515 1431 2578 filii
1474 2521 1540 2578 et
1585 2515 1865 2598 Spiritus
1900 2516 2127 2579 Sancti
2157 2537 2348 2599 super
2377 2539 2484 2581 vos

575 2621 920 2685 descendat
949 2641 1066 2703 pro
1097 2619 1284 2682 nobis
1316 2625 1593 2682 oranteS.

662 2725 862 2787 Facta
913 2729 1067 2785 sunt
1124 2722 1263 2785 haec
1315 2720 1599 2784 secunda
1649 2720 1808 2784 feria
1853 2727 1999 2804 post
2052 2721 2482 2799 Dominicam‚

575 2847 702 2909 qua
745 2831 1063 2901 cantatur,
1100 2822 1396 2886 Gaudete
1438 2822 1541 2885 die
1582 2822 1747 2886 festo
1778 2830 2019 2886 sanctae
2049 2823 2270 2888 Luciae
2313 2823 2486 2907 apud

574 2928 1055 2993 Albemarliam.
1157 2984 1165 2992 .

621 3203 1063 3307 EPISTOL'A
1107 3241 2169 3306 CCCCXXVI.-—Ancnlssr1scor1
2197 3264 2456 3305 REMEN-

1168 3363 1259 3408 818
1287 3364 1381 3406 AD
1411 3363 1611 3406 ALEx.
1647 3364 1893 3406 PAPAM.

807 3495 1171 3558 Aleoeandro
1195 3514 1376 3575 papoe
1404 3494 1724 3557 Remea-sis
1754 3494 2266 3575 archiepiscopus.

668 3647 1153 3710 VENERABILIS
1214 3644 1412 3708 frater
1463 3652 1529 3706 et
1590 3644 1834 3706 amicus
1892 3653 2133 3722 noster,
2188 3644 2488 3709 dominus

583 3748 1085 3825 cantuariensis,
1119 3747 1290 3830 apud
1331 3768 1449 3810 nos
1489 3767 1606 3828 pro
1644 3746 1889 3809 honore
1920 3747 2042 3809 Dei
2085 3754 2151 3810 et
2189 3746 2488 3811 libertate

582 3854 879 3931 ecclesiae,
927 3872 1041 3935 pro
1094 3852 1261 3935 sedis
1307 3850 1667 3933 apostolicae
1712 3850 2073 3934 privilegiis,
2114 3852 2252 3932 jam
2301 3852 2486 3933 quin-

583 3962 727 4018 tum
774 3976 1020 4019 annum
1064 3954 1234 4017 exilii
1281 3953 1675 4036 proscriptus
1716 3953 1870 4035 agit.
1967 3951 2035 4016 Si
2079 3954 2306 4036 placet,
2354 3956 2486 4019 Do-

585 4056 778 4134 mine,
802 4057 939 4139 jam
970 4057 1123 4119 satis
1153 4064 1269 4133 est,
1302 4056 1473 4139 quod
1503 4055 1632 4119 huc
1671 4077 1874 4138 usque
1915 4057 2244 4122 sustinuit.
2336 4058 2378 4120 J
2381 4080 2486 4122 am

585 4165 842 4241 tempus
871 4166 969 4227 est
999 4158 1343 4222 miserendi
1374 4160 1531 4242 ejus,
1566 4169 1729 4237 tum,
1761 4168 2023 4243 propter
2055 4161 2298 4224 multa:
2345 4169 2486 4224 tum

586 4277 671 4319 ne
715 4256 821 4319 alii
868 4256 1277 4319 ecclesiarum
1322 4258 1568 4340 praelati
1617 4257 1696 4321 ab
1739 4259 1927 4322 officii
1972 4260 2070 4321 sui
2116 4259 2488 4324 executione

585 4358 785 4442 ipsius
837 4365 1202 4422 terreantur
1248 4361 1557 4443 exemplo,
1611 4369 1753 4424 tum
1815 4383 1897 4424 ne
1946 4361 2117 4444 quod
2176 4362 2489 4425 hactenus

587 4461 888 4527 adversus
929 4482 1079 4525 eum
1114 4462 1379 4544 impune
1421 4463 1500 4526 ab
1543 4485 1676 4528 uno
1726 4471 2190 4548 praesumptum
2243 4470 2359 4541 est,
2408 4466 2488 4528 ab
