3200 5392
777 638 868 703 Xii
1062 658 1329 703 ‘MBULA
1364 657 1836 704 nrls‘ronanm(
1867 657 2036 703 ‘rom
2071 658 2386 703 uenum.

774 777 897 828 493.
936 772 1192 844 Ejusdem
1214 773 1286 828 ad
1308 772 1538 828 eundem
1597 801 1622 813 ·
1762 801 1786 813 -
1925 801 1948 813 -

774 864 897 914 494.
934 859 1193 930 Ejusdem
1216 859 1288 914 ad
1310 861 1527 914 abbates
1549 860 1926 914 cistercienses

774 950 896 1000 495.
936 944 1194 1016 Ejusdem
1215 945 1287 1000 ad
1311 945 1607 1000 Botrodum
1632 944 2116 1016 Rothomagenaem
2244 944 2330 998 De

772 1034 898 1085 496.
934 1030 1193 1101 Ejusdem
1217 1030 1284 1085 de
1306 1049 1437 1102 paee
1460 1031 1669 1086 reddita
1691 1032 2063 1086 Cantuarienzi

772 1120 896 1170 497.
933 1116 1194 1186 Ejusdem
1215 1116 1287 1171 ad
1315 1118 1481 1171 fllium
1506 1134 1668 1171 suum
1755 1146 1779 1158 ·
1918 1146 1942 1158 ·
2082 1145 2105 1157 ·

771 1206 894 1256 498.
933 1202 1189 1272 Ejusdem
1212 1203 1284 1258 ad
1307 1204 1570 1258 Thomam
1593 1204 2032 1258 Cantuarieneem
2086 1232 2109 1243 ·

770 1291 896 1342 499.
932 1287 1179 1342 Matildis
1200 1289 1546 1359 imperatricis
1561 1289 1634 1344 ad
1657 1289 1920 1344 Thomam
1938 1290 2098 1343 Cant.

772 1378 895 1428 500.
931 1372 1116 1428 Oweni
1140 1375 1426 1429 Wallensis
1447 1374 1518 1429 ad
1540 1375 1804 1429 Thomam
1829 1375 2084 1429 Cantuar.

771 1463 896 1513 501.
932 1459 1200 1530 Anonymi
1222 1459 1293 1514 ad
1314 1460 1680 1515 Alexandrum
1701 1477 1897 1532 papam

771 1548 893 1598 502.
931 1544 1189 1600 Ludovioi
1209 1546 1281 1601 ad
1303 1546 1532 1600 eundem
1595 1575 1620 1587 ·

771 1632 893 1682 503.
927 1628 1188 1699 Ejusdem
1211 1631 1282 1685 ad
1303 1631 1534 1686 eundem
1602 1660 1626 1672 -

772 1724 897 1774 504.
933 1717 1193 1788 Ejusdem
1215 1718 1286 1772 ad
1310 1717 1541 1773 eundem
1602 1747 1626 1758 -

770 1812 894 1862 505.
932 1806 1193 1877 Ejusdem
1214 1806 1285 1860 ad
1309 1806 1541 1861 eundem
1601 1836 1625 1847 -

769 1896 895 1947 506.
932 1891 1191 1962 Ejusdem
1212 1891 1284 1946 ad
1306 1892 1567 1948 Thomam
1592 1894 2033 1948 Cantuariensem
2092 1920 2116 1932 -

770 1983 891 2033 507.
932 1977 1188 2046 Ejusdem
1210 1978 1281 2032 ad
1305 1977 1617 2034 Manuelem
1640 1981 2007 2050 imperatorem
2082 2008 2105 2019 -

769 2071 894 2121 508.
934 2065 1192 2136 Ejusdem
1214 2065 1286 2120 ad
1307 2066 1644 2122 Willelmum
1669 2085 1847 2139 regem
1872 2067 2065 2121 Siciliae

769 2157 892 2206 509.
929 2153 979 2205 Δ
1004 2190 1181 2206 .....
1223 2153 1422 2222 reginae
1465 2152 1791 2206 Francorum
1836 2149 1908 2204 ad
1954 2150 2105 2203 Alex.

978 2253 1172 2307 Papam
1267 2263 1291 2275 ·

767 2327 890 2377 510.
931 2321 1195 2377 Frederioi
1215 2323 1345 2393 imp.
1367 2321 1439 2376 ad
1464 2321 1766 2376 Henrioum
1788 2338 1968 2391 regem
2085 2349 2108 2360 -

768 2415 890 2465 511.
930 2408 1186 2478 Ejusdem
1210 2407 1282 2462 ad
1304 2416 1523 2462 cunctos
1545 2409 1769 2480 populos

768 2500 890 2550 512.
928 2494 1185 2564 Ejusdem
1208 2493 1279 2548 ad
1303 2493 1732 2548 Stablausensem
1755 2494 2000 2547 abbatem
2082 2521 2105 2532 ·

766 2585 888 2635 513.
925 2579 1092 2650 Regis
1118 2580 1263 2633 Sioil.
1287 2578 1358 2633 ad
1379 2596 1558 2650 regem
1579 2580 1789 2649 Angliae
2082 2607 2105 2618 -

767 2672 889 2722 514.
926 2666 1163 2737 Philippi
1208 2667 1417 2720 comitis
1453 2665 1795 2721 Flandrensis
1839 2665 1910 2719 ad
1956 2666 2104 2720 Alex.

768 2842 888 2893 515.
925 2769 1231 2890 Βξιῗιῗῗὲῃᾶε
1254 2835 1412 2890 Turri
1433 2837 1563 2907 epia.
1586 2835 1659 2890 ad
1683 2836 1984 2890 Gilbertum
2084 2865 2107 2877 -

765 2926 888 3063 gig.
927 3046 940 3059 .
970 3045 983 3059 .
1009 3046 1023 3060 .
1051 3045 1063 3059 .
1093 3046 1106 3060 .
1136 3048 1148 3062 .
1172 3024 1255 3079 ep.
1278 3006 1349 3060 ad
1368 3007 1674 3062 Gilbertum
1753 3037 1776 3047 -
1916 3036 1939 3048 -
2081 3044 2103 3054 -

765 3097 889 3147 518.
928 3092 981 3147 Β
1003 3130 1019 3147 .
1048 3130 1063 3145 .
1086 3134 1100 3148 .
1125 3132 1138 3147 .
1163 3092 1235 3148 ad
1256 3093 1517 3149 Thomam
1541 3095 1979 3150 Cantuarienaem
2077 3124 2102 3135 -

765 3183 887 3234 519.
1260 3208 1281 3221 ·
1425 3208 1448 3220 -
1588 3209 1611 3221 -
1751 3210 1774 3221 -
1917 3209 1940 3221 -

765 3268 886 3318 620.

2251 771 2449 826 Audivi

2249 859 2336 912 De

2243 1030 2347 1084 Pro

2249 1115 2442 1170 Sciatis

2251 1201 2444 1255 Sciatis

2242 1287 2529 1342 Mandavit

2245 1373 2447 1428 Vestra
