3200 5392
0 253 9 268 ἱ

581 934 714 976 ΑΛ).
753 916 1145 1000 1161—894]
1246 938 1574 981 Er1s'romn
1608 940 1932 989 QUAEDAM.
2401 925 2484 986 89

622 1262 1063 1327 EPISTOLA
1108 1264 1853 1330 CCCLXI.—nmsnnM
1887 1287 1977 1330 An
2011 1287 2321 1347 EUNDEM,
2359 1288 2440 1331 m·

1120 1388 1212 1430 An
1245 1389 1309 1431 n.
1345 1388 1951 1435 ARCHIDIACONUM.

573 1517 932 1580 Aleoeander
961 1520 1182 1582 tertius
1210 1520 1526 1601 episcopus
1552 1540 1766 1584 servus
1794 1540 2107 1585 servorum
2132 1522 2275 1599 Dei,
2305 1541 2479 1585 vene-

655 1620 844 1683 rabili
854 1620 1064 1702 fratri
1099 1623 1173 1684 G.
1206 1622 1623 1686 Londoniensi
1663 1624 1960 1705 episcopo,
1992 1630 2052 1686 et
2083 1625 2303 1688 dilecto
2337 1623 2479 1705 filio

655 1724 734 1786 R.
795 1725 1252 1803 archidiacono,
1311 1727 1573 1789 salutem
1630 1731 1691 1789 et
1751 1728 2150 1807 apostolicam
2202 1727 2475 1791 benedic-

662 1829 904 1890 tionem.

655 1978 1165 2042 &emmenum
1211 1986 1310 2043 est
1356 1979 1540 2043 nobis
1580 1978 1753 2063 quod
1799 1980 2061 2063 quidam
2102 1979 2477 2064 parochiani

565 2081 761 2143 vestri
819 2101 970 2143 cnm
1028 2081 1521 2163 consanguineis
1580 2088 1647 2144 et
1700 2082 1998 2146 affinibus
2058 2083 2191 2146 suis
2249 2083 2475 2147 illicita

566 2181 806 2265 passim
845 2182 1257 2246 matrimonia
1291 2183 1708 2261 contrahunt,
1739 2190 1806 2246 et
1847 2184 2061 2247 clerici
2100 2185 2297 2247 etiam
2343 2185 2475 2267 ple-

566 2285 750 2367 rique
793 2283 1186 2348 concubinas
1228 2284 1485 2369 publice
1531 2284 1975 2364 introducunt,
2028 2295 2093 2350 et
2139 2286 2310 2369 ipsas
2355 2287 2478 2350 sibi

566 2386 687 2452 sub
725 2386 1150 2471 jurisjurandi
1185 2387 1494 2471 religione
1538 2388 1934 2471 conjungere
1980 2409 2115 2453 non
2150 2394 2474 2453 verentur.

565 2491 778 2569 Unde,
811 2490 1115 2574 quoniam
1144 2497 1281 2555 tam
1312 2511 1536 2574 graves
1575 2497 1643 2555 et
1680 2498 1817 2555 tam
1854 2511 2148 2556 enormes
2178 2512 2471 2556 excessus

559 2594 954 2678 incorreptas
996 2593 1273 2679 relinqui
1314 2595 1619 2659 nolumus
1654 2594 1756 2658 vel
1800 2595 2063 2673 inultos,
2102 2594 2473 2680 discretioni

556 2706 784 2763 vestrae
811 2719 927 2781 per
954 2698 1300 2782 apostolica
1327 2698 1564 2782 scripta
1591 2699 2018 2783 praecipiendo
2057 2699 2466 2779 mandamus,

562 2801 870 2886 quatinus
899 2801 1160 2867 clericos
1200 2807 1267 2865 et
1304 2802 1499 2866 laicos
1540 2801 1829 2867 dioecesis
1857 2808 2087 2867 vestrae
2117 2802 2199 2867 ab
2243 2802 2467 2886 hujus-

544 2903 740 2968 ·modi
798 2903 1114 2989 conjugiis
1173 2912 1240 2968 et
1298 2904 1761 2984 contuberniis,
1820 2927 1939 2989 pro
2001 2905 2199 2970 vestri
2262 2906 2470 2971 officio

559 3007 796 3086 debito,
827 3028 1086 3091 prorsus
1116 3007 1421 3074 desistere
1451 3009 1869 3092 compellatis.
1964 3009 2035 3071 Si
2077 3016 2299 3074 autem
2338 3009 2464 3073 cle-

554 3110 670 3174 rici
714 3111 984 3193 quilibet
1027 3132 1162 3175 non
1200 3111 1271 3174 in
1316 3110 1806 3190 subdiaconatu,
1838 3112 1953 3177 sed
1989 3112 2060 3176 in
2101 3111 2460 3176 minoribus

555 3213 888 3277 ordinibus
927 3212 1283 3291 constituti,
1317 3214 1561 3296 aliquas
1601 3214 1726 3278 sibi
1765 3214 2178 3279 matrimonio
2213 3214 2315 3278 vel
2350 3214 2457 3298 ju-

553 3321 850 3379 ramento
885 3313 1265 3397 interposito
1308 3315 1767 3397 copulaverint,
1797 3337 1909 3380 vos
1952 3317 2121 3399 ipsos
2150 3315 2461 3380 uxoribus

554 3419 897 3497 adhaerere,
929 3424 995 3482 et
1025 3417 1323 3482 ecclesias
1352 3417 1619 3483 omnino
1659 3417 2004 3496 dimittere,
2036 3418 2461 3502 appellatione

552 3528 862 3601 cessante,
916 3520 1205 3586 districte
1257 3521 1520 3603 cogatis.
1612 3521 1769 3585 Illos
1821 3541 1990 3599 vero,
2044 3521 2154 3604 qui
2207 3520 2461 3584 subdia-

548 3634 856 3692 conatum
885 3625 982 3691 vel
1006 3624 1360 3709 superiores
1389 3623 1647 3690 ordines
1677 3624 2095 3708 susceperint,
2120 3630 2186 3688 et
2216 3622 2460 3707 aliquas

549 3731 673 3796 sibi
718 3730 1112 3814 conjungere
1161 3728 1708 3812 praesumpserint,
1754 3727 2147 3793 concubinas
2197 3748 2457 3812 prorsus

549 3834 798 3918 ejicere,
829 3842 895 3898 et
939 3838 1114 3899 caste
1150 3852 1224 3896 ac
1264 3831 1675 3896 continenter
1703 3832 1912 3896 vivere
1955 3830 2274 3896 moneatis
2314 3830 2457 3896 dili-

550 3935 827 4018 gentius,
882 3941 948 3999 et
1009 3933 1358 3999 studiosius
1420 3934 1746 3998 exhortari
1796 3934 2054 3998 curetis.
2166 3932 2356 3999 Quod
2401 3934 2458 3997 si

549 4039 632 4102 ad
683 4038 1247 4104 commonitionem
1290 4043 1570 4102 vestram
1622 4036 1969 4122 adimplere
2027 4037 2452 4121 neglexerint,

548 4161 660 4205 vos
687 4141 857 4224 ipsos
886 4140 1167 4206 ecclesiis
1199 4161 1358 4224 quas
1397 4139 1641 4205 habent
1681 4140 1860 4205 omni
1889 4140 2199 4205 dilatione
2238 4146 2306 4205 et
2345 4161 2455 4223 ap-

553 4243 897 4326 pellatione
938 4243 1298 4327 postposita
1341 4243 1649 4327 spolietis,
1696 4250 1763 4308 et
1809 4243 1890 4309 ab
1933 4242 2126 4309 officii
2170 4243 2271 4308 sui
2314 4262 2457 4308 exe·

552 4345 864 4430 quutione
894 4345 1314 4412 nihilominus
1345 4346 1770 4430 suspendatis·
