3200 5392
750 685 793 747 8
1365 705 1690 750 sunnam
1725 706 2030 751 nr1scor1

745 826 976 884 vestrae
1017 819 1208 884 corde
1244 822 1517 904 postrati
1562 821 1986 906 deposcimus,
2018 842 2103 888 ne
2133 822 2215 888 ob
2263 845 2504 907 magna
2547 845 2661 888 ne-

751 923 946 1007 gotia,
997 944 1140 1006 quoe
1182 944 1338 987 cura
1386 925 1566 1008 regia
1616 925 2085 1004 subministrat,
2133 928 2448 1010 respicere
2496 926 2659 991 desi-

747 1027 920 1090 natis
962 1026 1036 1090 in
1078 1048 1217 1104 nos,
1250 1027 1362 1091 sed
1402 1047 1486 1091 ne
1522 1027 1594 1091 in
1634 1049 1955 1092 summam
1993 1029 2201 1093 nostri
2228 1028 2658 1112 ignominiam

747 1149 825 1192 ex
871 1135 1013 1193 toto
1057 1127 1428 1211 redigamur
1465 1128 1537 1192 in
1583 1130 1884 1209 nihilum,
1932 1130 2174 1214 pietate
2217 1131 2398 1213 regia
2446 1130 2655 1213 provi-

754 1231 979 1295 deatis.
1072 1230 1266 1298 Quod
1297 1232 1556 1314 quidem
1586 1232 1755 1297 bene
1783 1233 2053 1313 facietis,
2085 1233 2139 1297 si
2175 1255 2294 1297 nos
2336 1233 2660 1297 mandatis

751 1331 1112 1416 apostolicis
1154 1352 1311 1414 pace
1339 1339 1554 1396 vestra
1587 1333 1848 1398 obedire
1894 1335 2361 1414 concesseritis,
2403 1342 2471 1399 et
2515 1335 2659 1399 red-

752 1435 889 1499 dito
928 1433 1191 1499 denario
1236 1433 1409 1499 beati
1439 1436 1638 1514 Petri,
1671 1444 1737 1500 et
1783 1436 2030 1501 clericis
2061 1459 2203 1521 quae
2245 1460 2363 1502 sua
2392 1446 2547 1503 sunt
2589 1439 2662 1502 in

750 1536 1185 1602 misericordia
1204 1544 1416 1601 vestra
1436 1538 1775 1628 restitutis,
1796 1539 2110 1623 episcopis
2140 1540 2443 1605 omnibus
2471 1562 2659 1605 man-

753 1637 1073 1717 daveritis,
1102 1645 1180 1701 ut
1209 1638 1264 1701 si
1291 1638 1365 1702 in
1391 1638 1596 1702 literis
1634 1641 2088 1725 archiepiscopi
2128 1643 2431 1709 adversus
2474 1645 2660 1728 regni

753 1739 1250 1805 consuetudines
1281 1761 1627 1824 gravamen
1660 1742 1919 1826 aliquod
1948 1744 2403 1825 intellexerint,
2436 1748 2519 1811 ad
2548 1747 2659 1811 do-

753 1848 1004 1911 minum
1032 1867 1266 1932 papam
1295 1844 1536 1923 statim,
1568 1845 1668 1908 vel
1713 1846 1796 1909 ad
1840 1847 2104 1930 legatos,
2139 1849 2248 1932 qui
2290 1849 2662 1932 diriguntur

749 1952 830 2015 ad
860 1973 990 2030 vos,
1021 1949 1420 2016 confidenter
1448 1948 1796 2034 appellent.
1892 1951 1999 2017 Sic
2038 1954 2214 2018 enim
2258 1976 2419 2038 opus
2463 1955 2655 2019 mise-

750 2055 1039 2120 ricordiae
1095 2053 1456 2137 perficietis,
1518 2059 1584 2116 et
1644 2074 1763 2118 nos
1825 2053 1906 2118 ab
1965 2054 2424 2121 inobedientiae
2476 2065 2663 2121 reatu

752 2156 1228 2234 conservabitis,
1279 2163 1345 2219 et
1384 2174 1628 2219 caussae
1669 2162 1915 2233 vestrae,
1962 2177 2046 2219 ne
2088 2157 2160 2219 in
2208 2156 2421 2239 aliquo
2465 2155 2660 2220 detri-

752 2266 1048 2322 mentum
1108 2255 1400 2338 accipiat,
1460 2256 1792 2319 communi
1864 2256 2159 2321 omnium
2232 2258 2663 2340 appellatione

751 2357 1185 2445 providebitis.
1265 2354 1514 2420 Doceat
1535 2375 1647 2420 vos
1678 2356 2000 2421 Dominus
2028 2357 2239 2422 facere
2262 2358 2662 2423 voluntatem

751 2485 955 2542 suam,
1000 2469 1066 2525 et
1109 2481 1252 2525 eam
1300 2458 1632 2522 sublevare
1678 2465 1960 2538 moneat,
2006 2480 2200 2542 quam
2250 2460 2332 2524 ad
2375 2482 2505 2543 prae
2513 2482 2661 2525 sens

747 2565 1128 2650 experimur,
1189 2561 1576 2646 angustiam.
1687 2563 1920 2626 Valeat
1980 2562 2280 2627 dominus
2341 2584 2523 2627 meus
2584 2563 2659 2626 in

755 2668 1012 2734 Christo
1041 2666 1422 2732 carissimus.

988 2990 1429 3056 EPISTOLA
1476 2990 2081 3056 chXXV1.--An
2116 3010 2427 3054 sunnam.

755 3145 1028 3209 Henrico
1057 3144 1192 3226 reyi
1220 3145 1467 3227 Anqliae
1502 3143 1818 3207 Gilbertus
1845 3143 2299 3206 Londom’ensis
2327 3145 2662 3224 episcms,

1218 3248 1446 3311 devotoe
1461 3246 1801 3327 fidelitatis
1829 3245 2196 3325 obsequium.

841 3397 1196 3473 Vss‘raAM,
1228 3394 1507 3471 domine,
1554 3393 1875 3458 credimus
1920 3413 2056 3456 non
2098 3393 2304 3455 latere
2349 3392 2664 3457 excellen-

754 3499 933 3576 tiam,
966 3497 1237 3582 qualiter
1265 3498 1336 3560 in
1367 3517 1489 3574 me,
1522 3503 1588 3560 et
1621 3495 1933 3579 quosdam
1970 3496 2128 3560 alios
2168 3495 2389 3559 fideles
2421 3504 2664 3562 vestros

751 3621 1019 3664 manum
1050 3620 1233 3662 suam
1262 3598 1561 3662 dominus
1593 3596 2077 3662 cantuariensis
2109 3599 2571 3682 aggravaverit,
2595 3607 2663 3664 et

651 3740 655 3744 >
758 3704 929 3789 quod
979 3703 1210 3787 potuit,
1264 3688 1550 3786 gladium
1606 3702 1678 3764 in
1729 3722 1847 3765 nos
1899 3702 2316 3786 spiritualem,
2376 3701 2445 3764 in
2497 3703 2663 3786 juris

756 3806 998 3891 publici
1027 3804 1371 3882 laesionem,
1406 3804 1670 3868 dextera
1698 3803 2057 3888 iniquitatis
2087 3805 2365 3870 intorsit.
2436 3804 2663 3868 Canon

755 3930 1036 3991 namque
1076 3907 1445 3990 potissimus
1484 3906 1589 3970 hic
1632 3915 1749 3984 est,
1781 3914 1858 3971 ut
1894 3929 2084 3972 nemo
2123 3928 2524 3992 praepropere
2565 3908 2663 3970 vel

757 4017 1160 4096 praepostere,
1207 4009 1271 4072 id
1319 4018 1437 4087 est,
1483 4031 1618 4073 non
1657 4012 2108 4089 commonitus,
2150 4031 2362 4094 neque
2411 4009 2660 4073 convic-

757 4125 865 4179 tus
902 4114 1247 4197 judicetur,
1284 4131 1404 4176 nec
1440 4113 1775 4196 episcopus
1822 4114 2088 4176 omnino
2126 4133 2514 4195 quemquam
2555 4134 2661 4177 ex-

756 4216 1207 4294 communicet,
1249 4217 1453 4280 donec
1499 4237 1692 4280 causa
1737 4216 2064 4298 probetur,
2111 4237 2302 4300 super
2346 4237 2473 4299 qua
2514 4237 2662 4280 reus

757 4320 1109 4405 impetitur.
1202 4319 1397 4385 Unde
1441 4340 1590 4383 cum
1635 4341 1674 4383 a
1709 4320 1857 4403 jure
1900 4319 2367 4395 exorbitaverit,
2411 4319 2489 4382 de
2528 4319 2658 4382 Do-
