3200 5392
754 735 886 798 218
1473 751 1938 796 srlscoromm

754 893 879 956 que
923 891 1059 936 non
1106 868 1437 955 permisit3
1498 868 1695 933 etiam
1748 890 1979 933 manns
2036 869 2236 952 ipsius
2295 869 2652 953 potentiam

750 995 837 1039 ne
867 980 1143 1038 matrem
1172 994 1374 1051 suam,
1405 972 1591 1056 cujus
1619 971 1945 1055 piissimus
1976 979 2074 1037 est
2104 972 2294 1050 filius,
2326 972 2656 1036 ecclesiam

752 1083 1146 1159 gravaretur,
1205 1074 1468 1139 interim
1527 1073 1829 1139 coercuit.
1928 1074 2071 1138 Prae
2130 1075 2377 1138 caeteris
2435 1081 2656 1138 tamen

752 1176 1082 1242 sollicitior
1119 1182 1341 1242 nostra
1378 1175 1503 1240 fuit
1542 1175 1827 1255 ecclesia,
1866 1182 2176 1260 tanquam
2219 1177 2291 1240 in
2334 1176 2495 1243 urbe
2538 1196 2655 1238 cae-

751 1279 908 1344 teris
938 1278 1237 1344 omnibus
1267 1286 1455 1342 terrae
1483 1284 1721 1342 nostrae
1751 1278 2150 1362 populosiore
2180 1278 2322 1357 sita,
2355 1286 2421 1342 et
2464 1277 2655 1360 regiis

751 1381 1290 1473 sollicitudinibus
1331 1381 1537 1464 magis
1571 1382 1858 1465 exposita
1887 1388 1954 1446 et
1983 1378 2241 1465 speciali
2271 1382 2486 1464 aliqua
2514 1380 2651 1463 dig-

749 1485 957 1549 nitate
1001 1482 1246 1548 caeteris
1290 1483 1569 1548 ecclesiis
1615 1483 1869 1567 dignior
1911 1484 2190 1550 habetur
2232 1491 2299 1548 et
2343 1483 2648 1565 superior.

750 1586 953 1670 Cujus
1000 1606 1344 1669 gravamen
1391 1593 1457 1650 et
1508 1607 1707 1651 onera
1754 1586 2203 1670 importabilia,
2238 1608 2397 1679 'quae
2443 1586 2650 1669 magis

745 1690 955 1755 verbis
1011 1688 1167 1753 vivis
1224 1689 1493 1772 exprimi
1552 1711 1747 1773 quam
1805 1691 2008 1755 literis
2066 1697 2335 1775 possunt
2394 1689 2642 1767 dictari,

750 1813 952 1877 quum
983 1793 1160 1876 juste
1198 1797 1282 1856 et·
1304 1813 1437 1856 non
1478 1793 1617 1857 sine
1658 1814 1852 1857 causa
1882 1801 2336 1870 metueremus,
2366 1814 2485 1857 nos
2513 1813 2648 1856 una

748 1915 899 1960 cum
927 1895 1210 1960 Domino
1233 1894 1552 1989 Gilberto,
1584 1896 1879 1979 episcopo
1914 1902 2155 1975 nostr0,
2186 1896 2365 1960 vobis
2402 1896 2476 1960 in
2513 1917 2645 1961 om-

743 1996 935 2061 nibus
973 1996 1381 2063 devotissimo
1425 1997 1509 2062 ad
1553 2005 1829 2062 vestram
1868 2000 2280 2063 sanctitatem
2322 1997 2647 2082 quondam

744 2099 1219 2184 appellavimus,
1251 2107 1317 2164 et
1356 2100 1555 2183 ipsius
1586 2101 1847 2184 quidem
1877 2101 2322 2185 appellationis
2353 2122 2544 2165 causa
2580 2107 2644 2163 et

664 2231 678 2249 ·
744 2209 934 2266 tenor
983 2208 1209 2268 vestrae
1260 2201 1628 2268 discretioni
1681 2204 1833 2266 satis
1883 2202 2211 2267 innotuit:
2277 2203 2392 2268 sed
2440 2208 2647 2266 vestra

744 2305 1111 2388 benignitas
1150 2304 1477 2369 laboribus
1507 2312 1572 2368 et
1604 2306 1924 2370 sumtibus
1955 2306 2237 2370 ecclesiae
2267 2312 2505 2370 nostrae
2532 2326 2646 2388 per

744 2406 964 2470 literas
1008 2407 1092 2471 ad
1134 2407 1489 2472 Dominum
1538 2405 2077 2473 Cantuariensem
2124 2409 2348 2473 missas
2391 2430 2467 2472 ea
2509 2409 2644 2471 vice

744 2510 1028 2592 pepercit
1054 2536 1067 2573 :
1116 2531 1389 2593 quarum
1423 2511 1739 2576 beneficio
1769 2533 1969 2595 quum
1999 2535 2117 2576 nos
2147 2512 2281 2576 fore
2309 2514 2378 2575 in
2409 2511 2642 2595 quiete,

745 2611 949 2675 donec
1000 2612 1098 2675 ira
1146 2612 1413 2677 Domini
1457 2614 1666 2677 nostri
1711 2614 1881 2697 regis
1926 2615 2338 2692 effervuisset,
2381 2614 2644 2679 interim

744 2735 1162 2797 speraremus,
1204 2714 1417 2780 subito
1456 2724 1524 2780 et
1565 2717 1745 2799 quasi
1791 2738 1870 2780 ex
1913 2717 2238 2801 insperato
2284 2717 2642 2782 audivimus

745 2817 1028 2881 Domino
1057 2818 1509 2909 cantuariensi
1538 2819 1819 2883 habenas
1854 2820 2050 2911 fuisse
2090 2820 2334 2884 laxatas
2374 2828 2441 2886 et
2467 2803 2644 2904 ¹rigo-

745 2919 832 2982 ris
862 2917 1434 3005 Archiepiscopalis
1478 2922 1854 2986 exercitium
1899 2943 2048 2985 cum
2093 2923 2286 3006 plena
2326 2930 2645 3011 potestate

743 3043 784 3084 a
820 3028 1031 3086 vestra
1068 3023 1448 3088 celsitudine
1484 3025 1882 3103 restitutum,
1913 3035 2174 3108 propter
2202 3026 2377 3111 quod
2421 3027 2643 3091 Domi·-

744 3146 870 3187 nus
910 3132 976 3189 et
1015 3126 1345 3212 episcopus
1373 3134 1595 3192 noster
1626 3127 1980 3206 Gilbertus,
2013 3128 2196 3212 cujus
2227 3129 2445 3194 animo
2475 3130 2641 3195 solli-

742 3228 929 3292 citior
958 3250 1090 3294 suae
1117 3237 1184 3295 et
1212 3238 1449 3296 nostrae
1479 3231 1760 3295 ecclesiae
1789 3251 1946 3294 cura
1972 3231 2249 3318 insedit:
2299 3254 2643 3315 gravamen

741 3338 879 3395 tam
917 3334 988 3396 in
1028 3354 1368 3416 personam
1400 3356 1582 3399 suam
1614 3356 1809 3418 quam
1848 3334 1920 3397 in
1959 3335 2331 3400 universum
2367 3337 2645 3401 ecclesiae

740 3457 875 3500 suae
905 3426 1185 3519 gregem,
1217 3436 1367 3501 licet
1397 3438 1640 3501 nullius
1670 3438 1873 3520 culpae
1903 3438 2213 3515 conscius,
2245 3439 2474 3502 iterato
2510 3438 2636 3501 for-

740 3538 992 3602 midans
1023 3538 1105 3602 ad
1133 3546 1410 3602 vestram
1441 3540 1839 3604 audientiam
1867 3540 1951 3633 in·
1969 3540 2129 3606 facie
2169 3540 2449 3604 ecclesiae
2483 3547 2636 3604 ante

740 3640 942 3704 altare
978 3641 1152 3705 beati
1189 3639 1379 3705 Pauli
1406 3643 1827 3721 constitutuS,
1859 3643 2282 3726 praesentibus
2310 3643 2460 3707 viris
2490 3643 2637 3707 reli-

740 3742 933 3824 giosis
976 3742 1234 3807 Abbate
1261 3744 1954 3810 westmonasteriense
1999 3753 2065 3811 et
2108 3745 2365 3811 Abbate
2413 3746 2639 3810 Sancti

739 3847 1095 3927 Augustini
1124 3847 1629 3929 cantuariensis,
1662 3858 1727 3915 et
1756 3851 2016 3915 Abbate
2048 3850 2370 3930 Certesiae,
2400 3858 2466 3916 et
2511 3851 2637 3934 pri-

739 3948 957 4013 oribus
987 3956 1423 4014 conventuum
1454 3959 1520 4015 et
1550 3953 2010 4018 archidiaconis
2055 3961 2123 4018 et
2166 3954 2412 4018 clericis
2439 3954 2505 4037 pl
2514 3955 2637 4017 uri-

735 4072 987 4118 marum
1020 4053 1449 4133 ecclesiarum,
1483 4055 1730 4120 decimo
1763 4056 1991 4139 quinto·
2025 4055 2154 4121 kal.
2186 4057 2394 4140 April.
2425 4057 2639 4141 appel-

734 4156 910 4234 lavit,
938 4156 1381 4251 integritatem
1418 4159 1520 4222 sui
1558 4165 1767 4223 status
1809 4167 1875 4222 et
1915 4159 2182 4223 Domini
2219 4160 2428 4224 nostri
2468 4160 2638 4241 regis

737 4264 804 4323 et
865 4260 1157 4324 omnium
1212 4278 1549 4344 procerum
1610 4267 1676 4324 et
1734 4262 1936 4326 totius
1992 4263 2180 4345 regni
2239 4263 2379 4346 ejus
2430 4269 2640 4326 vestro

735 4363 1136 4428 sanctissimo
1183 4362 1460 4428 examini
1508 4363 1983 4442 commendans,
2030 4370 2096 4428 et
2143 4363 2639 4441 indemnitatem
