3200 5392
602 979 738 1021 Am.
777 957 1167 1039 nel—89]
1268 975 1601 1020 ammom
1634 974 1956 1024 QUAEDAM.
2375 956 2501 1020 117

600 1115 758 1171 rem,
805 1093 1155 1175 gratiarum
1198 1091 1479 1154 actiones
1522 1089 1808 1153 assiduas
1851 1089 2141 1171 largitori
2184 1088 2496 1154 bonorum

601 1194 891 1257 omnium
923 1194 1239 1257 exsolvere
1271 1191 1534 1269 debetis,
1566 1191 1672 1254 cui
1700 1212 1809 1254 vos
1849 1212 1924 1254 ex
1964 1191 2270 1275 impensae
2302 1192 2492 1257 bene·

602 1296 898 1360 dictionis
940 1295 1145 1377 gratia
1183 1302 1372 1358 terrae
1410 1301 1637 1357 vestrae
1676 1314 2058 1378 cognoscere
2092 1297 2359 1378 potestis
2389 1296 2497 1360 de-

599 1398 859 1476 bitoreS,
898 1406 975 1461 ut
1017 1396 1503 1480 ingratitudinis
1550 1396 1798 1459 evitetis
1845 1395 2094 1475 vitium,
2136 1404 2201 1461 et
2243 1398 2498 1481 possitis

601 1500 810 1564 devoti
871 1500 986 1563 filii
1041 1499 1421 1582 nuncupari.
1512 1499 1599 1561 Et
1661 1497 1919 1580 quidem
1978 1501 2155 1563 omni
2213 1506 2500 1584 tempore

598 1623 759 1685 puro
789 1602 978 1666 corde
1006 1601 1386 1665 benedicere
1427 1621 1500 1663 ac
1537 1600 1854 1664 honorare
1885 1601 2239 1667 Dominum
2270 1603 2498 1667 debea-

598 1705 702 1784 tis,
747 1705 873 1769 isto
916 1712 1139 1769 tamen
1182 1704 1500 1786 praecipue
1539 1724 1649 1766 vos
1690 1709 1942 1786 oportet
1981 1711 2186 1770 vestes
2229 1706 2499 1771 induere

600 1807 942 1892 nuptialeS,
974 1815 1039 1871 et
1071 1828 1217 1871 cum
1242 1806 1654 1891 jucunditate
1693 1806 1763 1869 in
1799 1807 2019 1872 laudes
2049 1815 2258 1874 vestro
2288 1832 2497 1874 assur-

601 1932 748 1993 gere
779 1911 1068 1988 creatori,
1092 1931 1292 1994 quum
1319 1916 1609 1973 venturae
1637 1909 2001 1974 festivitatis
2032 1912 2402 1976 solemnitas
2431 1912 2500 1977 id

601 2018 917 2096 exposcat.
1013 2013 1182 2076 Sane
1223 2035 1262 2076 a
1298 2012 1649 2076 venerabili
1688 2012 1882 2076 fratre
1918 2021 2137 2078 nostro
2171 2015 2499 2098 Stephano

605 2114 1057 2178 Cantuariensi
1093 2113 1581 2196 archiepiscopo,
1615 2121 1851 2178 sanctae
1883 2116 2194 2181 Romanae
2224 2118 2503 2181 ecclesiae

604 2214 933 2292 cardinali,
964 2235 1172 2296 nuper
1202 2214 1582 2296 accepimus,
1614 2214 1960 2279 intimante
1991 2217 2161 2299 quod
2190 2218 2364 2281 idem
2392 2239 2505 2281 vo-

602 2319 743 2382 lens
788 2317 1124 2381 ostendere
1166 2317 1236 2380 in
1283 2316 1537 2394 effectu,
1576 2323 1819 2400 quanto
1865 2316 2216 2382 devotionis
2258 2318 2508 2382 fervore

603 2421 905 2505 martyris
951 2420 1300 2504 supradicti
1342 2420 1718 2484 memoriam
1756 2427 2114 2498 veneretur,
2157 2421 2506 2485 sacratissi-

603 2547 782 2588 mum
831 2546 1059 2608 corpus
1107 2526 1249 2608 ejus
1293 2524 1624 2588 sublevare
1675 2523 1972 2607 proponit
2033 2524 2112 2587 de
2163 2532 2353 2603 terra,
2405 2525 2500 2608 ip-

604 2649 874 2710 sumque
912 2628 1300 2691 translatum
1337 2626 1774 2690 honorabilius
1815 2628 2142 2705 collocare,
2173 2648 2321 2691 cum
2362 2627 2499 2710 dig-

604 2752 765 2794 num
809 2730 928 2794 sibi
974 2737 1039 2794 et
1084 2729 1441 2794 condecens
1483 2729 1795 2807 videatur,
1841 2730 2024 2794 illum
2072 2738 2387 2813 quantum
2430 2730 2501 2793 in

605 2854 682 2896 eo
741 2840 858 2910 est,
907 2833 1184 2896 exaltare
1235 2832 1306 2894 in
1357 2838 1551 2908 terra,
1601 2852 1789 2915 quem
1846 2833 1916 2895 in
1968 2833 2129 2896 coelo
2179 2833 2501 2896 Dominus

606 2935 922 3011 exaltavit.
1028 2935 1168 2997 Nos
1226 2933 1426 3015 igitur
1482 2934 1664 3015 pium
1715 2940 1781 2996 et
1828 2933 2148 2997 laudabile
2195 2934 2508 3018 archiepi-

607 3036 779 3119 scopi
826 3036 1163 3099 memorati
1208 3035 1609 3118 propositum
1656 3041 2080 3117 acceptantes,
2126 3035 2504 3099 universita-

603 3146 741 3202 tem
770 3148 1044 3202 vestram
1074 3138 1464 3202 monendam
1494 3137 1795 3201 duximus
1840 3145 1905 3202 et
1948 3138 2352 3217 hortandam,
2392 3160 2513 3222 per»

609 3241 954 3323 apostolica
996 3240 1171 3304 vobis
1218 3240 1455 3321 scripta
1497 3239 1897 3317 mandantes,
1932 3248 2250 3323 quatenus
2279 3262 2502 3324 pacem

607 3349 904 3405 mutuam
947 3349 1012 3405 et
1057 3335 1460 3405 concordiam
1501 3342 1572 3403 in
1621 3341 1904 3404 caritatis
1948 3342 2205 3405 vinculo
2253 3363 2503 3406 conser-

607 3451 851 3522 vantes,
900 3450 1140 3508 vestras
1200 3442 1620 3507 conscientias
1680 3442 1928 3506 cunctis
1986 3444 2506 3525 perversitatibus

609 3548 896 3631 expietiS,
928 3552 994 3610 et
1035 3547 1124 3610 sic
1163 3566 1272 3608 vos
1312 3545 1383 3607 in
1422 3543 1611 3608 bonis
1653 3543 1963 3608 studeatis
2003 3544 2299 3628 operibus
2330 3566 2505 3609 exer-

607 3672 770 3729 cere,
818 3658 894 3713 ut
942 3671 1091 3713 cum
1140 3648 1275 3711 dies
1323 3647 1522 3730 ipsius
1570 3646 1991 3710 solemnitatis
2040 3646 2388 3725 advenerit,
2437 3648 2507 3711 in

608 3774 877 3817 occursu
904 3752 1098 3815 vestri
1128 3750 1513 3814 sanctissimi
1551 3750 1852 3833 martyris
1893 3757 1958 3813 et
1997 3749 2253 3833 patroni
2294 3751 2504 3834 ipsum

608 3852 864 3936 possitis
917 3848 1408 3915 honorificentia
1455 3847 1674 3912 debita
1718 3848 1934 3912 taliter
1979 3849 2285 3927 venerari,
2336 3852 2507 3933 quod

610 3953 891 4018 doceatis
937 3953 1092 4017 alios
1139 3972 1254 4036 per
1300 3951 1682 4033 exemplum,
1729 3957 2045 4033 quantum
2091 3971 2228 4015 esse
2275 3951 2506 4016 debeat

611 4041 875 4119 celebris
915 4076 1031 4138 per
1070 4055 1317 4119 diversa
1355 4052 1582 4116 mundi
1622 4052 1879 4116 climata
1919 4054 2165 4135 praefati
2208 4056 2508 4138 martyris

611 4157 921 4219 memoria
967 4156 1257 4239 gloriosa.
1347 4155 1522 4217 Data
1568 4152 1878 4218 Laterani
1923 4162 2144 4219 octavo
2192 4154 2511 4219 Calendas

613 4256 965 4335 Februarii,
995 4258 1404 4341 pontificatus
1433 4258 1643 4321 nostri
1672 4279 1843 4322 anno
1871 4258 2084 4322 tertio.
