3200 5392
855 897 1121 948 TABULA
1154 897 1627 941 EPISTOLARUM
1659 897 1828 941 'toul
1862 896 2174 941 saeuum.

565 1018 686 1067 459.
726 1013 870 1071 Petri
895 1012 1171 1083 Papiensis
1190 1012 1261 1066 ad
1285 1012 1548 1066 Thomam
1573 1012 1827 1066 Oantuar.
1870 1042 1892 1054 ·

563 1103 686 1152 460.
722 1099 975 1153 Mauricii
1000 1099 1309 1153 Parisiensis
1329 1099 1401 1152 ad
1421 1099 1572 1152 Alex.
1597 1116 1793 1171 papam

562 1190 686 1239 461.
723 1186 979 1256 Ejusdem
1003 1186 1071 1239 ad
1096 1186 1326 1240 eundem
1383 1214 1406 1225 -

562 1275 685 1326 462.
719 1271 758 1325 J
761 1289 948 1327 oannis
982 1272 1331 1326 Pictaviensis
1364 1271 1434 1326 ad
1464 1272 1728 1326 Thomam
1753 1273 1896 1326 Oan-

772 1361 1093 1414 tuariensem

564 1449 685 1497 463.
723 1445 983 1516 Ejusdem
1008 1445 1076 1499 ad
1101 1445 1330 1500 eundem
1389 1474 1411 1484 -

560 1535 684 1585 464.
720 1532 976 1601 Ejusdem
1000 1532 1070 1586 ad
1092 1531 1322 1585 eundem
1380 1562 1402 1571 -

559 1621 681 1671 465.
718 1617 974 1687 Ejusdem
996 1619 1065 1673 ad
1088 1619 1318 1672 eundem
1377 1648 1399 1658 -

560 1705 682 1756 466.
721 1702 975 1772 Ejusdem
997 1704 1064 1757 ad
1089 1705 1321 1758 eundem
1380 1733 1402 1744 -

559 1793 684 1844 467.
724 1788 979 1858 Ejusdem
1004 1789 1074 1842 ad
1095 1789 1324 1843 eundem
1380 1818 1402 1828 ·
1545 1818 1568 1829 -
1709 1818 1732 1829 -
1873 1817 1895 1829 -

559 1877 682 1927 468.
720 1873 975 1943 Ejusdem
1000 1875 1071 1927 ad
1093 1874 1390 1930 Gilbertum
1414 1874 1836 1928 Londoniensem
1872 1902 1894 1914 -

558 1963 680 2012 469.
718 1958 935 2012 Ricardi
960 1960 1309 2013 Pictaviensis
1331 1960 1689 2015 archidiaconi

558 2047 682 2096 470.
716 2044 754 2096 J
757 2045 946 2098 ocelim
1014 2045 1419 2099 Saresberiensis
1486 2046 1555 2099 ad
1624 2045 1887 2099 Thomam

779 2132 1034 2183 Cantuar.
1376 2160 1398 2170 -

558 2222 681 2271 471.
721 2215 979 2287 Ejusdem
1003 2214 1073 2269 ad
1099 2215 1400 2268 Gilbertum
1707 2244 1729 2254 -

558 2307 679 2356 472.
718 2300 958 2370 Capituli
982 2299 1188 2353 Saresb.
1212 2301 1281 2354 ad
1310 2301 1572 2354 Thomam
1598 2300 1855 2354 Cantuar.

558 2392 680 2441 473.
719 2386 967 2440 Matthaei
992 2385 1266 2439 Trecensis
1290 2386 1360 2439 ad
1383 2386 1533 2440 Alex.
1559 2402 1756 2457 papam

558 2477 681 2526 474.
719 2471 934 2541 Rogerii
999 2471 1389 2540 wigorniensis
1461 2472 1531 2525 ad
1603 2472 1898 2541 capitulum

770 2557 1152 2610 Oantuariense
1217 2585 1238 2594 -
1543 2584 1567 2596 -
1714 2585 1738 2597 -
1878 2586 1899 2595 -

559 2647 683 2697 475.
723 2642 946 2695 Henrici
996 2641 1165 2694 Wint.
1232 2642 1297 2695 ad
1361 2642 1586 2711 priorem
1641 2650 1695 2695 et
1744 2658 1895 2695 conv.

772 2727 827 2778 S.
854 2726 1045 2780 Mariae
1066 2726 1455 2796 wigorniensis
1547 2756 1570 2766 -

558 2815 680 2866 476.
719 2811 963 2864 Fratrum
988 2811 1463 2866 Carthusianorum
1494 2812 1565 2866 ad
1599 2813 1897 2865 Henricum

774 2913 975 2965 regem
1063 2925 1085 2935 -

560 2987 682 3036 477.
719 2983 782 3034 Α.
808 2981 1152 3035 Oertesiensis
1174 2930 1244 3036 ad
1269 2983 1420 3036 Alex.
1443 2999 1639 3053 papam
1710 3011 1733 3022 -
1826 3031 1832 3036 .

561 3072 684 3122 478.
722 3067 799 3120 Η.
826 3066 1196 3122 cluniacensis
1219 3069 1427 3122 abbatis
1449 3067 1520 3122 ad
1543 3068 1895 3121 Gilbertum-

560 3157 684 3207 479.
722 3152 977 3222 Ejusdem
1000 3153 1071 3206 ad
1093 3153 1347 3207 eundem
1380 3182 1402 3192 ·
1544 3182 1567 3192 -
1870 3181 1893 3192 -

561 3242 686 3290 480.
707 3236 959 3306 Philippi
975 3238 1096 3291 abb.
1115 3237 1181 3291 de
1204 3239 1533 3308 eleemosyna
1548 3238 1620 3291 ad
1637 3237 1900 3291 Thomam

774 3322 1031 3375 Cantuar.
1877 3351 1900 3362 -

559 3404 683 3462 481.
721 3407 947 3461 Hem-ici
982 3407 1047 3460 11
1095 3408 1234 3478 regis
1274 3407 1486 3476 Angliae
1524 3404 1596 3460 ad
1630 3407 1901 3477 episcopos

773 3494 987 3564 Angliae
1062 3522 1084 3533 ·

559 3584 683 3634 482.
722 3579 979 3649 Ejusdem
999 3577 1070 3633 ad
1094 3578 1425 3632 vicecomites
1549 3607 1572 3618 -
1715 3608 1736 3617 -
1876 3607 1900 3618 -

558 3670 681 3720 483.
720 3665 978 3736 Ejusdem
1001 3666 1074 3719 ad
1096 3664 1457 3736 Reginaldum
1480 3665 1899 3719 coloniensem-

558 3755 679 3804 484.
719 3750 975 3820 Ejusdem
998 3751 1067 3804 ad
1090 3750 1358 3820 quendam
1382 3750 1705 3803 cardinalem

558 3844 681 3893 485.
719 3838 976 3909 Ejusdem
997 3838 1069 3893 ad
1092 3839 1339 3893 abbatem
1363 3838 1766 3891 Cisterciensem
1875 3866 1897 3876 -

557 3929 680 3980 486.
719 3925 980 3996 Ejusdem
1002 3926 1074 3979 ad
1095 3925 1428 3979 willelmum
1452 3923 1811 3979 senonensem
1874 3953 1898 3963 -

557 4016 679 4066 487.
717 4011 978 4082 Ejusdem
1000 4010 1072 4065 ad
1093 4011 1323 4066 eundem
1382 4039 1404 4049 -
1873 4038 1895 4048 -

557 4101 681 4151 488.
720 4097 945 4152 Henrici
1007 4098 1148 4168 regis
1209 4099 1359 4168 epist.
1414 4096 1484 4151 ad
1533 4095 1896 4150 Alexandrum

768 4200 962 4254 papam
1056 4212 1079 4224 ·
1383 4213 1405 4223 -
1547 4212 1569 4223 -
1711 4211 1734 4221 -
1876 4209 1899 4220 -

560 4272 682 4322 489.
720 4268 975 4338 Ejusdem
999 4269 1069 4323 ad
1093 4269 1322 4323 eundem
1379 4298 1402 4308 -

559 4359 682 4408 490.
719 4354 975 4424 Ejusdem
999 4356 1068 4409 ad
1092 4355 1320 4410 eundem
1378 4390 1399 4402 -

557 4445 680 4494 491.
720 4440 978 4510 Ejusdem
1002 4440 1071 4494 ad
1088 4441 1317 4495 eundem
1376 4470 1398 4480 -

556 4530 680 4580 492.
718 4526 975 4596 Ejusdem
1000 4527 1069 4580 ad
1096 4527 1394 4582 Gilbertum

2042 1360 2151 1413 Vix

2047 1445 2392 1503 Praevenisset

2039 1532 2322 1587 Excitatus

2031 1617 2374 1675 Paternitatis

2034 1702 2159 1775 Ipso

2037 1789 2209 1860 Supra

2037 1875 2106 1928 In

2040 1959 2150 2022 Qui

2036 2130 2270 2184 Veniens

2035 2216 2262 2270 Exultat

2035 2300 2121 2354 Ad

2039 2385 2198 2456 Apud

2040 2557 2177 2609 Acta

2044 2725 2306 2780 Miramur

2044 2894 2230 2956 Quum

2037 2980 2237 3035 Vestrae

2035 3066 2283 3120 Vidimus

2035 3152 2218 3215 Quum

2039 3323 2090 3374 A
2112 3322 2303 3374 nostris

2043 3488 2201 3543 Nosti
2363 3532 2370 3540 ,

2040 3576 2296 3646 Praecipio

2041 3662 2156 3716 Diu

1873 3777 1896 3787 ·
1939 3750 1940 3753 ’
2038 3747 2207 3818 Super

2040 3835 2270 3898 Quando

2039 3922 2185 3984 Quos

2038 4008 2323 4063 Venientes

2040 4177 2100 4231 Si

2036 4266 2204 4321 Novit

2032 4352 2321 4423 Episcopos

2027 4439 2230 4492 Vestrae

2029 4523 2294 4586 Quoniam
