3200 5392
801 679 843 739 2
1427 698 1747 741 cunnum
1786 696 2088 740 nrlscorl

1071 1015 1513 1081 EPISTOLA
1558 1015 2103 1080 comune—ln
2138 1035 2448 1079 mmmm.

800 1166 1065 1229 Domino
1104 1186 1213 1228 suo
1252 1167 1571 1230 carissimo
1611 1167 1844 1231 illustri
1872 1167 2217 1248 Anqlorum
2260 1166 2393 1247 νομί
2433 1165 2713 1228 Hem-ico

868 1269 1088 1350 frater
1122 1269 1438 1333 Gilbertus
1463 1270 1913 1334 Londoniensis
1956 1268 2221 1332 ecclesiae
2263 1268 2564 1346 minister,
2595 1288 2711 1350 pe-

887 1370 1069 1434 dibus
1117 1372 1352 1434 sanctis
1404 1372 1759 1436 conculcato
1807 1372 2030 1448 Satan,
2079 1371 2147 1432 in
2200 1370 2446 1434 Clm’sto
2495 1371 2711 1434 trium-

874 1475 1081 1555 phare
1093 1471 1390 1554 feliciter.

890 1623 1308 1687 MANDATUM
1355 1623 1599 1705 domini
1645 1644 1847 1707 papae,
1894 1624 2174 1702 domine,
2219 1642 2428 1705 nuper
2472 1621 2713 1704 accepi-

798 1747 963 1803 mus,
997 1748 1124 1808 quo
1166 1727 1354 1791 nobis
1397 1726 1765 1810 injungitur
1805 1733 1883 1789 ut
1927 1747 2192 1790 censum
2235 1726 2414 1789 beati
2456 1725 2635 1788 Petri
2675 1747 2714 1788 a

799 1827 1106 1891 fratribus
1158 1834 1224 1891 et
1278 1828 1667 1912 coepiscopis
1713 1828 1952 1892 nostris
2003 1828 2440 1912 suscipiamus,
2487 1833 2554 1890 et
2598 1846 2715 1910 per

799 1930 1074 1994 nuncios
1105 1952 1262 2015 quos
1295 1930 1528 1995 direxit
1568 1931 1651 1995 ad
1690 1953 1828 2010 noS,
1859 1931 1982 2015 ipsi
2014 1932 2143 1995 cito
2172 1930 2708 1994 transmittamus.

800 2032 994 2100 Quod
1026 2034 1177 2118 quia
1205 2035 1285 2098 de
1315 2042 1527 2099 vestra
1564 2042 1780 2099 totum
1822 2036 2064 2119 pendet
2106 2032 2560 2110 misericordia,
2591 2052 2714 2095 nec

800 2144 1011 2220 potest
1041 2139 1278 2202 effectu
1307 2139 1611 2220 compleri
1653 2138 1780 2201 nisi
1820 2159 1935 2219 per
1962 2159 2093 2213 vos,
2123 2143 2352 2199 vestrae
2390 2135 2460 2198 id
2497 2134 2714 2199 notifi-

798 2260 1020 2303 camus
1049 2241 1460 2317 excellentiae,
1490 2246 1568 2302 ut
1595 2240 1825 2302 vestris
1862 2239 1923 2301 si
1961 2239 2171 2321 placet
2204 2237 2576 2320 justiciariis
2607 2259 2711 2300 su-

797 2361 914 2423 per
950 2342 1073 2404 hoc
1113 2340 1424 2419 scribatis,
1457 2348 1525 2404 et
1555 2342 1729 2424 quod
1758 2347 1986 2405 vestrae
2013 2339 2335 2404 voluntati
2379 2339 2711 2422 placuerit,

798 2443 867 2505 id
910 2442 1049 2506 fieri
1091 2443 1490 2526 praecipiatis.
1582 2444 1901 2526 Optamus
1931 2450 2149 2507 autem
2177 2450 2255 2505 ut
2285 2463 2396 2506 cor
2422 2449 2709 2506 vestrum

799 2544 1098 2609 divinitas
1137 2552 1362 2609 sancta
1399 2545 1721 2628 possideat
1762 2553 1829 2610 et
1869 2553 2051 2610 actus
2082 2552 2323 2609 vestros
2354 2566 2579 2609 omnes
2620 2545 2711 2608 sic

801 2647 1100 2730 disponat
1144 2655 1210 2711 et
1255 2648 1510 2731 dirigat,
1541 2656 1619 2713 ut
1662 2670 1784 2712 nec
1826 2650 1897 2712 in
1943 2651 2159 2713 Deum
2204 2648 2545 2713 offendatis
2589 2668 2713 2710 nec

800 2751 1138 2814 adversum
1189 2772 1298 2815 vos
1358 2760 1472 2815 aut
1529 2772 1807 2833 regnum
1850 2758 2136 2816 vestrum
2188 2751 2451 2815 domino
2509 2771 2713 2832 papae,

801 2873 993 2935 quem
1021 2873 1133 2916 vos
1162 2853 1510 2936 plurimum
1542 2853 1838 2918 dilexisse
1869 2854 2185 2930 novimus,
2209 2853 2456 2936 justam
2487 2872 2711 2935 quere-

798 2956 879 3020 lae
918 2976 1177 3019 causam
1218 2964 1284 3020 et
1322 2956 1661 3036 materiam
1701 2957 2061 3041 praebeatis.
2151 2957 2254 3020 De
2298 2962 2529 3019 caetero
2575 2955 2711 3018 dies

795 3058 1017 3136 instat,
1051 3079 1243 3141 quem
1289 3046 1705 3142 appellationi
1749 3059 1832 3123 ad
1878 3057 2214 3122 dominum
2253 3067 2486 3140 papam
2517 3056 2707 3120 factae
2785 3128 2792 3139 .

796 3160 1221 3244 praefiximus:
1268 3159 1348 3224 de
1394 3145 1523 3242 qua
1562 3159 2011 3244 prosequenda
2053 3179 2313 3223 necesse
2357 3164 2457 3221 est
2500 3157 2709 3235 nobis,

795 3270 872 3327 ut
919 3264 1318 3328 voluntatem
1363 3269 1643 3326 vestram
1694 3270 1761 3326 et
1808 3263 2148 3326 consilium
2193 3260 2424 3324 amodo
2472 3259 2710 3324 certius

690 3373 694 3377 ⁴
797 3386 1240 3447 agnoscamus·
1329 3364 1524 3440 Nam,
1572 3385 1722 3427 cum
1767 3364 1980 3427 minus
2024 3364 2269 3427 laedant
2304 3363 2522 3447 jacula
2564 3382 2710 3446 quae

798 3467 1251 3551 praevidentur,
1281 3465 1644 3528 timendum
1686 3465 1873 3530 nobis
1917 3474 2013 3530 est
2056 3487 2161 3543 ne,
2193 3465 2248 3529 si
2292 3465 2376 3528 ad
2417 3485 2707 3528 momen-

798 3578 944 3634 tum
989 3569 1296 3652 temporis
1344 3569 1562 3632 omnia
1602 3577 2031 3646 reserventur,
2082 3568 2338 3651 singula
2381 3589 2508 3651 quo
2550 3587 2710 3650 prae-

799 3672 958 3736 scita
999 3672 1217 3735 minus
1261 3678 1328 3735 et
1371 3672 1588 3735 minus
1633 3678 2043 3754 praetractata
2080 3671 2344 3749 fuerint,
2377 3691 2454 3734 eo
2492 3670 2709 3733 minus

799 3773 1133 3839 commode
1163 3795 1356 3856 quam
1386 3777 1603 3856 exigat
1633 3773 2076 3857 expediantur.
2167 3771 2489 3836 Inscribat
2531 3771 2709 3836 cordi

797 3885 1009 3941 vestro
1050 3876 1292 3959 digitus
1331 3877 1457 3940 Dei
1499 3877 1655 3959 quid
1695 3877 1834 3940 fieri
1875 3877 2170 3960 expediat
2210 3887 2276 3938 et
2315 3896 2434 3938 nos
2472 3896 2707 3939 manus
2826 3928 2830 3932 .

797 3981 937 4063 ejus
994 3978 1229 4062 ubique
1287 3986 1582 4061 protegat
1642 3989 1836 4062 atque
1895 3979 2235 4055 custodiat,
2296 3977 2576 4041 Domine
2633 3978 2707 4040 in

796 4083 1054 4147 Christo
1091 4080 1519 4145 dilectissime.
