3200 5392
728 781 858 845 268
1373 796 1660 845 nooman
1692 797 1988 844 mooun.

720 916 919 1001 pitius
970 914 1250 981 ecclesiae
1309 935 1442 979 suae
1497 919 1882 998 perpetuare
1930 913 2237 997 dignetur
2286 913 2626 995 Dominus,

719 1026 858 1084 tam
896 1018 1235 1104 praefatum
1275 1018 1645 1102 episcopum
1683 1039 1880 1101 quam
1920 1017 2094 1097 alios,
2127 1039 2285 1102 quos
2326 1018 2629 1083 dominus

721 1122 1204 1188 cantuariensis
1255 1119 1664 1204 exigentibus
1715 1120 1963 1185 meritis
2016 1122 2428 1186 anathemate
2474 1142 2648 1210 con--

720 1225 1069 1305 demnavit,
1126 1230 1315 1289 tanta
1371 1223 1711 1289 severitate
1769 1223 2036 1303 conteri,
2087 1230 2165 1289 ut
2223 1245 2263 1289 a
2319 1223 2627 1289 similium

719 1351 882 1395 ausu
909 1328 1188 1413 relinqui
1216 1332 1585 1393 terreantur
1616 1327 1907 1412 exemplo
1934 1326 2253 1393 vindictae.

715 1656 1157 1724 EPISTOLA
1207 1654 2105 1721 CCCCLXXIV.—noonn11
2147 1675 2619 1721 moonnmnsts

1133 1779 1227 1823 An
1256 1777 1649 1824 CAPITULUM
1679 1776 2214 1824 cAN'rUAmnnsn.

711 1913 1024 1978 Henricm
1060 1912 1481 1994 Wyornemis
1508 1912 1828 1993 episcopus
1856 1913 2127 1993 capitulo
2161 1912 2618 1977 Cantauriensi.

783 2063 973 2129 Ac'rA
995 2068 1365 2129 nostrorum
1385 2061 1606 2145 paucis
1630 2060 1959 2127 dilectioni
1979 2068 2207 2127 vestrae
2234 2064 2617 2147 perstringo·

713 2168 1048 2253 Siquidem
1075 2173 1396 2233 nostrates
1432 2172 1621 2262 metu
1658 2168 1990 2233 interdicti
2027 2168 2100 2231 in
2140 2171 2434 2253 partibus
2473 2191 2618 2235 nos-

708 2275 827 2339 tris
869 2272 1200 2356 divulgati,
1233 2270 1693 2336 deliberatione
1732 2270 1976 2349 habita,
2016 2278 2084 2337 et
2123 2273 2433 2358 episcopis
2472 2295 2619 2338 nos-

706 2377 824 2441 tris
869 2376 1106 2455 accitis,
1138 2374 1447 2439 concione
1488 2378 1821 2436 contracta
1863 2374 2168 2439 sciscitati
2207 2381 2361 2439 sunt
2406 2397 2445 2439 a
2488 2376 2617 2438 sin-

630 2531 633 2534 .
707 2479 895 2564 gulis,
925 2486 1150 2542 utrum
1183 2497 1487 2560 personas
1528 2497 1675 2539 suas
1716 2481 1784 2539 et
1825 2477 2122 2541 ecclesias
2163 2477 2286 2542 sibi
2324 2478 2615 2541 commis-

707 2604 808 2647 sas
848 2580 968 2646 sub
1006 2581 1120 2644 illa
1157 2580 1396 2645 vellent
1437 2580 1869 2663 appellatione
1899 2581 2164 2661 includi,
2196 2604 2338 2665 quae
2367 2583 2615 2646 dudum

707 2686 788 2751 ab
832 2684 1142 2768 episcopis
1185 2683 1424 2747 nostris
1468 2682 1539 2745 in
1582 2683 1772 2747 initio
1819 2685 2343 2768 quadragesimae,
2376 2686 2616 2751 scilicet

705 2788 786 2852 ad
814 2787 1167 2852 terminum
1196 2785 1680 2870 purificationis,
1713 2786 1884 2850 facta
1911 2787 2038 2851 fuit
2064 2813 2079 2852 z
2124 2810 2318 2873 quam
2350 2795 2416 2853 et
2445 2811 2614 2854 com-

704 2892 891 2956 muni
948 2890 1214 2954 consilio
1270 2895 1739 2973 proposuerant
1799 2888 1871 2952 in
1930 2898 2154 2956 octava
2199 2892 2613 2958 Pentecostes

702 2995 1025 3059 innovare.
1117 2993 1491 3075 Requisitus
1544 3013 1699 3076 ergo
1750 2992 2210 3059 Dunelmensis
2262 2998 2612 3080 episcopus,

703 3099 870 3163 sicut
901 3096 1163 3162 sedebat
1195 3097 1456 3181 primus,
1488 3095 1821 3179 respondit
1852 3097 2024 3179 quod
2063 3098 2162 3162 illi
2202 3100 2616 3183 appellationi

699 3225 835 3269 non
892 3200 1295 3279 interfuerat,
1348 3221 1560 3283 neque
1615 3200 1999 3264 mandatum
2050 3203 2614 3268 commonitorium

699 3307 854 3371 inde
885 3305 1145 3390 aliquod
1180 3305 1253 3368 in
1293 3303 1544 3387 scriptis
1577 3304 1677 3367 vel
1708 3304 1846 3367 sine
1877 3304 2127 3388 scriptis
2158 3307 2469 3387 audierat,
2504 3308 2611 3371 de-

698 3411 1120 3475 liberaturum
1152 3429 1218 3472 se
1249 3429 1399 3472 cum
1429 3407 1927 3490 metropolitano
1972 3429 2088 3474 suo
2134 3431 2326 3493 super
2367 3410 2509 3489 hoc,
2541 3416 2607 3473 et

702 3512 1013 3597 quidquid
1038 3512 1281 3588 liceret,
1313 3510 1484 3573 salvo
1516 3510 1742 3574 ordine
1777 3511 1905 3575 Dei
1944 3517 2010 3575 et
2051 3533 2185 3591 suo,
2219 3533 2285 3575 se
2316 3513 2607 3576 consulte

700 3614 1044 3677 facturum.
1136 3612 1385 3675 Meruit
1430 3620 1650 3676 autem
1680 3613 1798 3676 tali
1828 3613 2155 3678 delusione
2183 3615 2462 3678 favorem
2493 3636 2605 3678 au-

701 3716 1039 3792 dientium,
1087 3721 1153 3778 et
1206 3714 1603 3778 dilationem.
1694 3717 1852 3780 Post
1898 3716 2037 3782 haec
2080 3716 2461 3781 Exoniensis
2506 3739 2607 3781 re-

701 3817 995 3901 quisitus,
1028 3816 1186 3898 quid
1221 3816 1374 3879 inde
1416 3824 1720 3898 censeret,
1753 3821 2085 3903 respondit
2126 3842 2202 3886 eo
2239 3819 2607 3886 inconsulto

699 3919 1101 4002 coepiscopos
1131 3939 1279 3981 suos
1309 3918 1494 3983 facile
1526 3920 1608 3984 ad
1643 3921 1821 3985 illam
1853 3923 2347 4007 appellationem
2378 3946 2608 3989 convo-

696 4024 881 4101 lasse,
911 4043 1047 4085 non
1076 4043 1259 4105 posse
1288 4023 1529 4107 pariter
1569 4031 1635 4088 et
1674 4025 1786 4088 illa
1825 4026 2254 4109 appellatione
2292 4027 2509 4106 inniti,
2543 4035 2608 4091 et

699 4128 1393 4192 excommunicatorum
1434 4129 1827 4193 consortium
1869 4129 2208 4209 declinare,
2250 4131 2608 4214 periculum

698 4239 916 4296 autem
945 4230 1303 4310 imminere,
1337 4231 1391 4293 si
1422 4231 1657 4294 summi
1701 4232 2023 4316 pontificis
2055 4234 2380 4299 sententia
2408 4234 2606 4298 inter-

700 4335 945 4398 dictum
974 4334 1135 4398 illud
1166 4333 1548 4413 corroboret,
1582 4335 1687 4398 cui
1718 4335 2072 4400 discrimini
2109 4337 2289 4401 nulla
2319 4358 2386 4401 se
2415 4336 2607 4401 vellet

696 4437 945 4501 ratione
976 4438 1393 4502 committere.
1490 4437 1561 4501 Si
1596 4443 1817 4502 tamen
1848 4440 2128 4505 ecclesiae
2159 4440 2282 4504 Dei
2315 4440 2603 4505 consule-
