3200 5392
702 751 834 814 216
1419 770 1892 817 81188010111111

700 885 985 972 repentis
1012 884 1479 968 indignationis
1506 886 1762 952 macula
1779 886 2081 967 involvat,
2104 908 2193 952 ne
2215 887 2389 972 quod
2417 886 2607 965 absit,

698 989 1013 1055 offensam
1048 1009 1241 1072 quam
1280 987 1572 1053 nondum
1611 988 1684 1052 in
1722 988 2005 1074 puritate
2043 989 2451 1054 conscientiae
2492 989 2606 1052 ha-

698 1091 932 1156 buistis
1004 1112 1085 1155 ex
1149 1086 1315 1155 novo
1381 1090 1806 1157 contumaciae
1862 1090 2131 1156 crimine
2188 1090 2604 1159 contrahatis.

706 1195 968 1263 Bonum
998 1203 1096 1261 est
1123 1194 1468 1272 humiliari,
1497 1201 1575 1259 ut
1606 1195 1942 1279 gloriosius
1972 1196 2349 1262 exaltemur.
2424 1197 2610 1261 Bona

706 1307 807 1366 est
832 1298 1185 1377 humilitas,
1217 1318 1362 1382 quae
1388 1298 1651 1382 superni
1677 1297 1912 1382 judicis
1949 1298 2234 1366 favorem
2272 1300 2504 1364 invitat
2543 1306 2609 1362 et

709 1404 976 1470 consilia
1026 1402 1289 1485 dissipat
1341 1399 1784 1486 superborum.
1900 1403 2302 1468 Humiliatus
2352 1402 2423 1466 in
2474 1421 2609 1465 car-

709 1526 853 1570 cere
904 1510 1003 1568 881
1053 1511 1120 1567 81
1177 1503 1249 1566 111
1299 1502 1714 1586 compedibus
1764 1503 1808 1567 J
1808 1504 2026 1587 oseph
2078 1510 2146 1568 et
2201 1502 2609 1588 postmodum

708 1604 1129 1673 11111110111111118
1163 1603 1416 1687 eloquio
1451 1603 1719 1668 Domini
1754 1603 2199 1670 inflammante
2242 1625 2432 1688 super
2473 1625 2607 1668 om-

711 1731 864 1775 nem
909 1715 1150 1773 terram
1197 1706 1468 1792 AEgypti
1523 1713 1625 1771 est
1674 1707 2067 1773 constitutus
2119 1715 2186 1773 et
2236 1728 2276 1771 a
2322 1706 2611 1772 vendito-

709 1812 890 1878 ribus
950 1809 1280 1893 sanguinis
1338 1809 1440 1873 sui
1495 1810 1875 1894 praepositus
1922 1810 2232 1875 fratribus
2290 1809 2610 1875 adoratur.

714 1913 1117 1979 Η1111111181118
1139 1919 1237 1977 881
1260 1909 1469 1976 David
1499 1911 1582 1975 ad
1610 1912 2052 1997 propheticam
2079 1912 2615 1998 objurgationem,

715 2024 782 2082 81
831 2015 1244 2102 postmodum
1292 2015 1434 2081 Deo
1482 2015 1744 2098 placens
1796 2015 1879 2079 ad
1921 2016 2313 2099 prophetalis
2358 2015 2618 2099 spiritus

717 2120 992 2205 gratiam
1042 2125 1141 2183 est
1182 2123 1535 2202 reparatus.
1628 2117 1993 2182 Humiliata
2035 2123 2134 2182 881
2173 2125 2241 2182 81
2280 2117 2497 2182 Maria
2538 2116 2622 2181 ad

717 2223 991 2288 coelestis
1021 2219 1539 2286 annunciationis
1569 2220 1899 2284 oraculum
1929 2227 1995 2284 81
2024 2219 2106 2285 ad
2137 2222 2621 2304 conceptionem

717 2325 1013 2392 altissimi
1060 2324 1319 2408 spiritus
1379 2323 1587 2389 sancti
1633 2324 1876 2389 virtute
1933 2324 2173 2389 meruit
2231 2322 2620 2389 obumbrari.

720 2426 1105 2491 Humiliavit
1134 2425 1330 2490 etiam
1360 2432 1564 2491 semet
1592 2426 1808 2511 ipsum
1837 2427 2134 2492 Christus
2161 2432 2423 2512 propter
2451 2424 2624 2509 quod

719 2537 786 2595 et
833 2530 1014 2596 Deus
1054 2528 1357 2592 exaltavit
1393 2528 1578 2593 illum
1626 2534 1695 2593 et
1735 2529 1998 2594 donavit
2033 2530 2131 2594 illi
2169 2549 2408 2594 nomen
2453 2526 2625 2612 quod

721 2638 821 2698 est
849 2651 1040 2715 super
1068 2650 1260 2695 omne
1293 2651 1555 2696 nomen.
1648 2632 1720 2697 Si
1758 2653 1913 2717 ergo
1953 2633 2033 2698 ab
2075 2633 2290 2717 aliquo
2317 2632 2490 2697 facta
2527 2638 2625 2695 est

721 2734 909 2800 nobis
960 2734 1127 2798 datae
1181 2731 1255 2797 in
1299 2753 1410 2799 vos
1467 2734 1809 2800 sententiae
1856 2735 2294 2814 denunciatio,
2355 2734 2625 2800 circum-

722 2843 941 2922 specta
983 2835 1441 2902 deliberatione
1484 2838 1805 2903 utendum
1851 2844 1970 2918 est,
2009 2858 2097 2903 ne
2138 2837 2239 2904 vel
2285 2858 2430 2902 eam
2475 2857 2625 2900 con-

722 2934 1063 3005 tumeliose
1101 2938 1449 3004 observetis
1476 2940 1597 3019 vel,
1630 2940 1803 3024 quod
1828 2940 2116 3006 fortassis
2154 2939 2355 3004 videri
2392 2942 2624 3023 potest,

726 3041 999 3127 superbe
1048 3050 1115 3106 et
1164 3042 1517 3126 periculose
1560 3044 2012 3110 contemnatis.
2102 3043 2261 3108 Non
2302 3042 2443 3107 haec
2484 3039 2628 3105 dico

599 3240 604 3244 .
725 3143 899 3229 quod
957 3144 1170 3229 aliquo
1228 3146 1702 3230 praesumtionis
1758 3152 1916 3231 typo
1972 3145 2332 3230 putaverim
2390 3167 2430 3210 a
2484 3163 2632 3209 mea

723 3248 1038 3335 parvitate
1064 3255 1344 3315 vestram
1372 3271 1556 3335 posse
1581 3249 1820 3315 instrui
1848 3249 2296 3334 prudentiam:
2337 3250 2410 3313 in
2438 3267 2631 3313 cunc-

722 3351 810 3416 tis
840 3373 1162 3418 canonum
1201 3352 1724 3419 distinctiom’bus
1763 3353 1934 3418 circa
1969 3352 2089 3417 hos
2125 3352 2427 3417 articulos
2457 3351 2627 3414 suffi-

729 3454 976 3521 cienter
1005 3456 1318 3521 edoctam.
1383 3456 1515 3522 Sed
1542 3457 1799 3540 qualem
1827 3456 1996 3521 circa
2021 3456 2336 3521 honorem
2357 3460 2629 3518 vestram

729 3558 1134 3624 affectionem
1161 3559 1434 3624 habeam
1464 3560 1785 3625 subticere
1810 3581 1943 3624 non
1972 3581 2269 3645 possum:
2304 3556 2428 3622 hoc
2455 3561 2630 3620 certe

728 3681 846 3743 pro
904 3681 1049 3724 meo
1106 3661 1436 3744 parvitatis
1496 3662 1760 3727 modulo
1819 3682 2204 3746 suggerens:
2270 3665 2347 3722 ut
2405 3657 2629 3722 morbo

732 3762 941 3826 adhuc
986 3765 1232 3827 recenti
1277 3764 1513 3829 festina
1562 3764 1849 3829 remedia
1893 3760 2284 3847 procuretis:
2338 3782 2423 3825 ne
2463 3760 2633 3824 forte

729 3864 1122 3928 inveteratus
1152 3865 1489 3930 difficiliori
1517 3888 1672 3931 cura
1701 3888 1862 3950 opus
1899 3866 2155 3931 habeat.
2245 3864 2633 3930 Timendum

732 3966 907 4030 enim
937 3972 1034 4030 est
1062 3988 1146 4032 ne
1182 3969 1443 4052 majoris
1483 3970 1885 4034 auctoritatis
1923 3969 2150 4034 robore
2189 3968 2362 4053 quod
2390 3969 2637 4032 factum

733 4074 831 4134 est
881 4068 1202 4135 fulciatur.
1294 4071 1686 4157 Quanquam
1739 4078 1805 4137 et
1850 4073 1974 4137 hoc
2017 4072 2249 4137 timere
2299 4077 2475 4137 certe
2515 4070 2636 4133 im-

732 4173 972 4257 pietate
1028 4174 1294 4258 plenum
1354 4174 1474 4254 8113
1548 4198 1635 4241 118
1690 4175 1903 4240 dicam
1972 4176 2376 4259 sacrilegum.
2475 4172 2638 4241 Quis

734 4276 911 4341 enim
953 4284 1178 4362 putare
1222 4277 1455 4343 audeat
1498 4278 1659 4343 adeo
1688 4298 1979 4344 eversum
2018 4298 2161 4344 esse
2197 4276 2640 4344 ecclesiasticae

734 4387 933 4462 petrae
982 4380 1481 4447 fundamentum
1538 4388 1617 4447 ut
1669 4381 2013 4466 apostolica
2064 4382 2449 4448 auctoritate
2507 4400 2641 4444 non
