3200 5392
542 922 678 966 Aa).
714 900 1109 983 1161—89.]
1326 917 1681 962 nns'romx.
2319 896 2449 960 293

538 1036 610 1099 in
638 1036 955 1113 futurum,
985 1034 1111 1098 nisi
1151 1053 1266 1116 per
1292 1047 1402 1097 vos
1418 1031 1705 1110 steterit,
1736 1029 2158 1111 conferemus,
2190 1032 2281 1096 sie
2308 1053 2450 1097 rem

537 1138 929 1222 temperetis,
959 1158 1044 1201 ne
1082 1157 1280 1220 penes
1308 1157 1417 1200 vos
1445 1141 1707 1199 tantum
1737 1134 1985 1216 possint
2013 1133 2186 1198 illius
2220 1135 2447 1218 perfidi

538 1241 880 1326 proditoris
923 1241 1129 1306 nostri
1179 1239 1516 1303 malitiosae
1557 1237 1910 1317 blanditiae,
1955 1246 2275 1321 quantum
2319 1239 2446 1302 evi-

540 1343 762 1408 dentia
795 1350 895 1408 tot
934 1348 1001 1407 et
1035 1348 1368 1407 tantorum
1402 1341 1687 1406 virorum
1720 1341 2107 1405 testimoniis
2150 1340 2447 1406 corrobo-

535 1452 679 1510 rata
712 1461 920 1510 causae
964 1452 1200 1510 nostrae
1241 1444 1492 1522 merita,
1523 1442 1637 1507 sed
1664 1443 1855 1527 juxta
1890 1442 2271 1527 petitionem
2298 1465 2447 1508 nos-

537 1555 707 1612 tram
746 1569 874 1627 eos,
913 1547 1025 1631 qui
1069 1545 1609 1612 excommunicati
1656 1551 1830 1624 sunt,
1873 1544 2233 1624 absolvatis,
2266 1553 2332 1611 et
2366 1567 2451 1610 ne

536 1651 607 1714 in
634 1671 754 1714 nos
783 1656 850 1714 et
881 1650 1036 1714 alios
1066 1669 1389 1713 venenum
1421 1668 1554 1712 suae
1595 1647 2277 1714 excommunicationis
2303 1669 2448 1732 per-

533 1752 804 1818 fundere
833 1752 1052 1835 possit,
1082 1750 1490 1834 provideatis.
1558 1748 1666 1813 Ne
1696 1750 1751 1813 si
1780 1749 1997 1814 minus
2024 1749 2096 1813 in
2124 1750 2247 1815 hac
2269 1751 2449 1836 justa

536 1854 849 1937 petitione
869 1862 1094 1918 nostra
1121 1851 1408 1916 exauditi
1435 1851 1768 1931 fuerimus,
1792 1859 2107 1936 tanquam
2136 1853 2216 1917 de
2238 1860 2449 1918 vestra

536 1955 986 2020 benevolentia
1029 1954 1462 2037 desperantes,
1494 1954 1682 2017 aliter
1725 1955 2058 2019 securitati
2098 1963 2339 2020 nostrae
2381 1963 2449 2021 et

537 2058 767 2121 honori
794 2057 1153 2141 prospicere
1183 2056 1662 2139 compellamur.
1723 2057 1811 2120 Et
1841 2057 2145 2140 quoniam
2173 2059 2447 2142 singula,

539 2181 683 2244 quae
722 2181 761 2223 a
797 2159 983 2224 nobis
1021 2158 1194 2222 dieta
1232 2164 1385 2222 sunt
1423 2164 1491 2222 et
1529 2158 1872 2243 proposita,
1912 2159 2167 2224 difficile
2211 2162 2450 2245 scripto

539 2262 1257 2346 comprehenderentur,
1309 2260 1813 2327 transmittimus
1865 2262 1949 2326 ad
1996 2263 2193 2347 pedes
2237 2270 2449 2347 pater-

538 2365 765 2429 nitatis
793 2371 1021 2429 vestrae
1050 2364 1309 2429 clericos
1338 2370 1406 2429 et
1447 2363 1794 2429 familiares
1834 2371 2110 2444 nostros,
2143 2366 2448 2450 Reginal-

539 2466 697 2530 dum
754 2464 1275 2535 archidiaconum
1336 2465 1907 2545 Saresberiensem,
1968 2475 2034 2531 et
2095 2467 2448 2533 Ricardum

539 2569 758 2648 Barre,
790 2568 902 2652 qui
942 2568 1194 2652 plenius
1235 2566 1413 2632 vobis
1452 2575 1709 2647 cuncta,
1752 2589 1896 2651 quae
1932 2568 2087 2633 hinc
2123 2569 2275 2634 inde
2312 2571 2448 2655 agi-

537 2675 678 2734 tata
735 2673 909 2746 sunt,
963 2673 1306 2751 exponent.
1415 2666 1671 2733 Quibus
1722 2666 1794 2730 in
1844 2667 2116 2748 cunctis,
2164 2690 2310 2752 quae
2367 2691 2447 2740 ex

537 2776 760 2834 nostra
803 2776 986 2852 parte
1029 2776 1256 2834 vestrae
1302 2769 1634 2834 sanctitati
1680 2777 2061 2854 proponent,
2102 2771 2299 2836 fidem
2344 2773 2445 2836 in-

540 2871 915 2936 dubitanter
951 2869 1263 2935 habeatis.
1356 2872 1459 2935 De
1489 2892 1766 2954 quorum
1808 2872 2024 2937 reditu
2066 2874 2450 2940 festinanter

539 2979 866 3037 maturato
916 2978 1146 3049 vestra,
1192 2991 1533 3055 precamur
1582 2978 1651 3036 et
1701 2973 2097 3036 consulimus
2156 2975 2445 3055 sollicite,

538 3075 869 3159 provideat
905 3072 1221 3151 discretio,
1255 3074 1560 3157 quoniam
1603 3094 1828 3138 eorum
1867 3095 2049 3139 mora
2082 3075 2449 3143 diuturnior

539 3177 896 3262 periculum
951 3182 1017 3241 et
1076 3176 1390 3241 damnum
1438 3177 1845 3244 intolerabile
1903 3180 2185 3245 ecclesiae
2233 3190 2448 3266 posset

542 3280 809 3346 adferre.

627 3587 1069 3653 EPISTOLA
1112 3584 1909 3651 CCCCXCI.—Esusnsn
1940 3608 2033 3651 AD
2063 3608 2372 3653 nonnam,

696 3738 1059 3802 Alexandro
1076 3737 1265 3819 p'apae
1292 3736 1614 3800 Hem-icus
1639 3757 1756 3800 γεω
1781 3737 2028 3819 Anyliae
2056 3742 2297 3803 omnino

982 3842 1373 3925 subiectionis
1401 3840 1621 3905 debitae
1648 3840 2012 3925 obsequium.

629 3988 916 4054 Vns'rnAE
960 3991 1115 4056 satis
1156 3992 1503 4056 innotescit
1547 3991 1899 4071 serenitati,
1944 4000 2187 4076 quanta
2227 4013 2333 4056 me
2367 4000 2447 4058 vet

544 4099 786 4156 terram
824 4113 1037 4156 meam
1068 4093 1308 4176 affligat
1342 4093 1655 4172 molestia,
1687 4094 1946 4177 quantis
1984 4115 2089 4158 me
2128 4094 2447 4159 vexaverit

543 4195 794 4280 injuriis
822 4194 1100 4259 Thomas
1142 4195 1251 4259 ille
1281 4195 1763 4262 Cantuariensis
1807 4197 2203 4261 adversarius
2241 4217 2445 4275 meus,

546 4319 749 4382 quum
776 4304 944 4363 teste
973 4297 1362 4363 conscientia
1397 4298 1562 4363 nihil
1599 4300 1966 4378 meruerim,
2003 4299 2101 4363 nil
2140 4299 2447 4383 gesserim

542 4408 681 4465 tam
708 4400 1074 4465 vehementi
1112 4406 1180 4465 et
1220 4400 1530 4486 injuriosa
1571 4401 1844 4484 dignum
1886 4400 2294 4467 contumelia.
2381 4402 2448 4468 A

543 4511 753 4571 vestra
796 4504 1110 4590 siquidem
1153 4525 1287 4570 non
1331 4505 1520 4571 credo
1564 4504 1870 4571 excidisse
1913 4503 2240 4586 memoria,
2272 4505 2446 4591 quod
