3200 5392
740 737 871 810 272
1402 756 1468 800 A.
1503 757 1978 803 onnusmnms

737 893 883 938 eam
928 873 1161 954 fovere,
1210 894 1284 940 ac
1330 874 1501 940 tueri
1546 875 1989 942 indednenter
2040 884 2106 943 et
2157 879 2643 965 infatigabiliter

736 977 1015 1043 studete.

765 1279 1208 1347 EPISTOLA
1252 1280 1982 1349 CCCCLXXVII.—A.
2016 1304 2488 1351 cnnwsmnsls
2522 1309 2611 1351 An

1448 1403 1651 1449 Annx.
1684 1405 1938 1452 ΡΑΡΑΜ.

750 1535 1107 1599 Venerando
1135 1540 1198 1599 et
1226 1536 1548 1599 carissimo
1562 1539 1750 1618 patri
1777 1558 1887 1602 suo
1916 1544 1978 1602 et
2009 1539 2248 1603 domino
2278 1541 2637 1604 Aleoeandro

821 1639 945 1703 Dei
966 1640 1184 1722 qratia
1203 1659 1439 1716 summo
1448 1639 1738 1722 pontifici
1765 1646 1827 1704 et
1854 1643 2189 1707 universali
2201 1663 2404 1724 papae,
2418 1639 2638 1723 frater

822 1742 906 1806 Α.
938 1742 1230 1825 indi-onus
1264 1743 1664 1807 certesiensis
1698 1745 1979 1808 minister
2013 1746 2267 1808 sineerae
2297 1745 2639 1808 dilectionis

820 1846 1224 1909 reverentiam
1263 1865 1341 1910 ac
1379 1846 1650 1910 debitam
1689 1866 1825 1911 cum
1864 1848 2142 1911 omnibus
2170 1847 2465 1930 fidelibus
2503 1847 2638 1911 obe-

822 1947 1135 2013 dimitiam.

821 2101 1109 2166 Vns-nun
1138 2101 1480 2186 majestati,
1510 2101 1835 2167 carissime
1877 2108 2060 2187 pater
2102 2110 2170 2168 et
2214 2103 2494 2182 domine,
2524 2125 2639 2187 pro

735 2203 997 2269 domino
1027 2203 1469 2269 Londoniensi
1497 2204 1793 2289 episcopo
1820 2205 2156 2269 humiliter
2184 2206 2636 2291 supplicamus,

734 2314 811 2374 ut
862 2329 1010 2374 eum
1064 2309 1148 2373 ad
1196 2330 1307 2374 vos
1352 2308 1724 2373 venientem
1783 2330 2000 2374 amore
2058 2309 2185 2374 Dei
2236 2316 2303 2373 et
2353 2315 2638 2393 paternae

732 2419 958 2477 vestrae
1005 2412 1256 2476 intuitu
1303 2412 1586 2496 benigne
1639 2413 1996 2498 suscipiatis
2048 2420 2241 2497 atque
2291 2412 2636 2495 benignius

731 2513 805 2577 in
859 2514 1137 2596 negotiis
1197 2514 1572 2579 exaudiatis.
1682 2515 1849 2580 Inde
1910 2516 2193 2581 securius
2253 2515 2450 2579 etiam
2507 2515 2633 2579 cle-

730 2616 1047 2682 mentiam
1095 2623 1373 2681 vestram
1422 2639 1539 2702 pro
1591 2639 1669 2683 eo
1713 2640 2091 2697 exoramus;
2157 2618 2306 2703 quia
2360 2618 2546 2681 illum
2598 2641 2637 2682 a

731 2720 953 2785 multis
1002 2727 1175 2786 retro
1223 2721 1620 2805 temporibus
1673 2723 2049 2807 sapientem,
2092 2723 2461 2803 honestum,
2510 2723 2635 2787 dis-

728 2833 980 2892 cretum
1018 2847 1094 2891 ac
1130 2826 1501 2911 religiosum
1540 2826 1751 2891 virum
1795 2847 1933 2891 esse
1976 2826 2412 2910 cognovimus,
2444 2848 2636 2911 quem

730 2932 910 2997 Deus
960 2952 1078 2995 sua
1127 2931 1336 3013 gratia
1384 2935 1486 2996 tot
1538 2936 1607 2995 et
1658 2931 1860 2995 tantis
1904 2930 2250 2995 virtutibus
2296 2931 2633 3010 decoravit,

725 3040 802 3099 ut
830 3034 904 3098 in
929 3039 1069 3097 toto
1096 3053 1300 3116 regno
1327 3032 1607 3116 Anglico
1636 3053 1770 3097 una
1798 3032 1878 3097 de
1906 3031 2382 3097 honestioribus
2421 3054 2636 3117 perso-

727 3137 829 3203 nis
859 3136 1159 3202 credatur
1197 3157 1334 3202 esse
1373 3142 1441 3201 et
1479 3136 1604 3210 sit:
1650 3141 1877 3220 utpote
1906 3136 2089 3221 cujus
2119 3137 2412 3220 exemplo
2442 3143 2635 3221 atque

729 3240 1209 3307 conversatione
1247 3238 1442 3304 multi
1480 3260 1519 3303 a
1557 3238 1768 3322 pravis
1806 3238 2259 3323 iniquitatibus
2300 3241 2432 3305 suis
2470 3247 2634 3304 tem-

728 3351 1037 3431 perentur
1082 3350 1149 3409 et
1195 3345 1279 3409 ad
1326 3343 1737 3409 honestatem
1782 3343 2157 3409 invitentur.
2247 3342 2489 3409 Invidit
2534 3351 2632 3408 ta-

727 3469 882 3514 men
933 3449 1072 3533 ejus
1121 3446 1315 3512 bonis
1367 3446 1620 3512 actibus
1675 3446 1977 3512 inimicus
2036 3454 2103 3512 et
2163 3468 2313 3512 cum
2369 3447 2634 3511 inimico

725 3551 917 3617 multi
961 3552 1101 3635 ejus
1143 3548 1388 3614 inimici
1431 3556 1607 3630 sunt,
1652 3551 1821 3615 male
1865 3550 1946 3615 de
1989 3570 2067 3615 eo
2108 3550 2628 3633 interpretantes,

727 3663 795 3720 et
833 3655 1060 3719 vestris
1098 3654 1594 3738 circumscriptis
1636 3654 1898 3720 auribus
1937 3654 2099 3720 falsa
2132 3675 2248 3738 pro
2286 3674 2435 3718 vero
2475 3675 2630 3736 sug-

728 3763 1046 3841 gerentes,
1076 3777 1211 3820 non
1238 3762 1532 3820 verentes
1577 3756 1856 3840 quadam
1903 3756 2355 3842 praesumtione
2397 3755 2628 3822 verita-

723 3859 809 3925 tis
840 3878 1025 3922 aures
1052 3856 1228 3921 falsis
1258 3858 1781 3940 suggestionibus
1811 3860 2291 3927 circumvenire.
2381 3861 2630 3927 Dicunt

723 3962 900 4032 enim
946 3960 1232 4025 veritatis
1281 3960 1533 4026 inimici
1587 3963 1756 4028 sicut
1814 3963 2170 4029 audivimus
2229 3986 2383 4031 eum
2436 3966 2634 4031 fuisse

722 4088 985 4134 causam
1041 4071 1235 4149 atque
1293 4066 1627 4131 exordium
1676 4066 1879 4133 totius
1929 4069 2378 4135 commotionis
2435 4076 2636 4155 atque

721 4170 1055 4237 discordiae
1100 4190 1245 4254 quae
1300 4168 1427 4234 fuit
1482 4170 1656 4235 inter
1705 4171 2043 4237 dominum
2090 4171 2628 4238 Cantuariensem

721 4283 791 4342 et
832 4275 1197 4360 Anglorum
1239 4292 1481 4356 regem,
1520 4273 1695 4358 quod
1739 4296 1933 4359 quam
1975 4274 2392 4341 falsissimum
2433 4277 2518 4342 sit
2562 4284 2629 4343 et

721 4377 802 4443 ab
847 4377 1026 4443 omni
1069 4376 1334 4442 veritate
1379 4374 1663 4441 alienum
1705 4386 2024 4444 noverunt
2070 4379 2165 4444 illi
2204 4387 2271 4444 et
2319 4403 2437 4446 nos
2478 4403 2630 4446 cum-
