3200 5392
608 869 744 913 A.D.
784 848 1177 932 1161-89,]
1276 865 1612 928 Errsronffl
1644 866 1964 918 QUAEDAM.
2385 850 2517 915 ‘267

607 995 679 1065 ‚et
726 988 972 1054 domini
1020 1008 1202 1072 papae
1248 1006 1367 1050 nos
1415 991 1480 1050 et
1529 986 1863 1050 ecclesiam
1909 991 2199 1054 nostram
2245 986 2516 1053 submit-

610 1098 845 1157 tentes.
906 1092 1140 1156 Valeat
1171 1097 1237 1156 et
1264 1090 1477 1174 vigeat
1505 1089 1860 1173 paternitas
1889 1096 2120 1156 vestra.

639 1400 1080 1467 EPISTOLA
1129 1398 2093 1468 CCCCLXXIII.-—MA·r¹rnAE1
2125 1420 2494 1466 rancansls

1256 1525 1348 1568 An
1381 1524 1582 1567 ALnx.
1617 1522 1870 1567 PAPAM.
1955 1574 1963 1582 ,

728 1655 1093 1720 Aleoeandro
1109 1675 1297 1738 papae
1328 1655 1414 1717 M
1408 1656 1671 1718 atthaeus
1705 1655 2024 1719 Trecensis
2051 1654 2390 1736 episcopus.

699 1807 898 1872 Arm)
953 1805 1289 1870 dominum
1346 1825 1565 1869 meum
1624 1803 1985 1870 fiducialius
2044 1825 2187 1888 ag0,
2237 1804 2526 1869 recolens

617 1916 862 1991 quanta
900 1907 1275 1990 dignatione
1314 1913 1501 1971 tanta
1539 1908 1843 1990 majestas
1882 1928 2097 1970 meam
2140 1928 2391 1991 semper
2430 1908 2524 1970 di-

616 2010 864 2089 lexerit,
894 2009 1303 2073 honoraverit
1341 2017 1408 2073 et
1447 2010 1749 2074 extulerit
1779 2010 2179 2092 parvitatem.
2268 2010 2357 2073 Et
2387 2009 2526 2092 qui·

621 2114 769 2188 dem
805 2111 1054 2196 gradui,
1086 2134 1278 2197 quem
1298 2111 1658 2192 habebam,
1698 2113 1981 2176 multum
2021 2112 2287 2177 accessit
2324 2113 2527 2176 hono-

616 2211 726 2296 ris,
777 2217 888 2281 sed
940 2218 1148 2281 multo
1197 2218 1344 2301 plus
1397 2217 1630 2295 oneris,
1678 2223 1756 2280 ut
1808 2238 1887 2281 ex
1939 2217 2321 2282 necessitate
2373 2218 2527 2281 defi-

619 2320 796 2386 ciant
832 2319 1088 2384 humeri
1125 2320 1275 2400 mei,
1305 2320 1433 2384 nisi
1471 2320 2231 2404 Dominus²supposuerit
2260 2340 2528 2384 manum

619 2445 822 2504 suam,
855 2431 922 2488 et
961 2424 1304 2488 clementia
1332 2429 1543 2489 vestra
1573 2424 1830 2508 adjiciat
1871 2424 2167 2507 gratiam.
2256 2424 2434 2487 Nam
2475 2424 2531 2488 si

617 2527 1021 2611 providentia
1091 2534 1303 2592 vestra
1376 2527 1685 2611 dignetur
1742 2527 2331 2611 circumspectionis
2396 2548 2530 2591 suae

618 2632 836 2696 oculos
876 2631 948 2695 in
985 2638 1200 2715 partes
1240 2640 1495 2695 nostras
1527 2631 1823 2715 dirigere,
1856 2630 2080 2695 multis
2120 2631 2308 2696 bonis
2347 2653 2528 2715 mag-

617 2758 706 2800 na
738 2735 981 2799 videbit
1022 2736 1241 2800 adesse
1283 2742 1627 2815 tormenta,
1661 2743 1727 2807 et
1766 2734 2059 2819 pluribus
2100 2736 2391 2819 graviora
2427 2737 2530 2799 in-

518 2871 521 2875 ·
624 2845 795 2902 stare
854 2839 1227 2904 certamina.
1337 2833 1511 2904 Quae'
1560 2860 1764 2922 quum
1824 2839 2155 2922 episcopus
2213 2840 2536 2923 corrigere

622 2962 959 3024 nequeam,
993 2948 1059 3004 et
1101 2962 1219 3024 pro
1263 2948 1555 3025 suscepto
1596 2941 1803 3006 officio
1844 2942 2045 3006 divini
2077 2942 2305 3026 judicii
2348 2949 2532 3007 metu

623 3064 759 3106 non
804 3044 1075 3107 audeam
1115 3044 1534 3122 dissimulare,
1575 3065 1681 3108 me
1718 3044 2003 3128 quisquis
2045 3045 2118 3108 in
2162 3052 2338 3110 arcto
2382 3067 2536 3110 con-

627 3143 930 3209 stitutum
978 3144 1270 3228 ambigit,
1316 3146 1703 3210 conditionis
1755 3168 1916 3210 meae
1963 3169 2222 3231 prorsus
2267 3149 2538 3232 ignarus

626 3253 744 3312 est.
836 3247 1143 3312 Ceterum
1193 3269 1336 3331 spes
1392 3269 1537 3310 mea
1592 3249 1663 3311 in
1727 3247 1871 3311 Deo
1929 3255 1995 3311 et
2053 3249 2232 3312 vobis
2284 3257 2401 3327 est,
2451 3249 2535 3313 ad

630 3372 822 3435 quem
860 3359 998 3415 tam
1036 3372 1212 3426 meas
1253 3373 1448 3434 quam
1489 3350 1841 3415 amicorum
1879 3351 2230 3433 angustias,
2270 3373 2559 3435 praeser-‘

626 3455 748 3520 tim
790 3477 907 3540 pro
938 3454 1334 3519 confessione
1364 3453 1649 3519 veritatis
1691 3461 1756 3517 et
1788 3453 2043 3537 justitia
2079 3454 2540 3534 laborantium,

627 3580 861 3624 censeo
907 3556 1294 3623 referendas.
1387 3555 1648 3621 Horum
1696 3579 1868 3621 unus
1921 3563 1987 3621 et
2037 3557 2274 3622 auxilio
2322 3564 2543 3623 vestro

629 3663 1042 3748 dignissimus
1088 3669 1186 3726 est
1232 3661 1531 3726 dominus
1572 3661 2077 3740 Cantuariensis,
2110 3662 2221 3744 qui
2261 3683 2378 3745 pro
2421 3661 2541 3726 ho-

629 3789 788 3833 nore
827 3766 956 3831 Dei
992 3768 1132 3852 jam
1163 3765 1576 3851 quinquenne
1608 3764 1781 3848 apud
1814 3786 1933 3831 nos
1964 3765 2225 3829 exilium
2263 3766 2335 3829 in
2371 3765 2538 3851 pati-

632 3871 809 3936 entia
864 3872 1075 3935 multa
1131 3870 1523 3955 proscriptus
1589 3868 1860 3952 peragit.
1971 3869 2379 3934 Periclitatus
2440 3877 2538 3935 est

632 3974 947 4038 hactenus
994 3974 1234 4038 saevitia
1277 3981 1706 4056 tyrannorum
1753 3978 1820 4036 et
1865 3971 2223 4038 delatorum
2269 3973 2543 4053 insidiis,

635 4075 747 4141 sed
775 4097 953 4140 nunc
982 4076 1237 4159 gravius
1265 4076 1665 4159 periclitatur
1693 4096 1733 4139 a
1759 4074 1934 4138 falsis
1962 4074 2288 4140 fratribus.
2359 4075 2543 4141 Quo-

638 4201 786 4243 rum
830 4166 1074 4262 primus
1119 4184 1216 4242 est
1259 4177 1366 4242 ille
1412 4177 1903 4256 Londoniensis,
1943 4178 2054 4261 qui
2099 4176 2218 4241 sub
2264 4178 2543 4262 episcopi

648 4282 931 4359 nomine,
979 4281 1143 4345 sicut
1189 4302 1266 4345 ex
1322 4279 1524 4344 literis
1568 4279 1816 4344 domini
1859 4279 2249 4345 Senonensis
2287 4281 2544 4364 plenius

638 4386 1016 4462 innotescet,
1071 4384 1446 4468 parricidam
1508 4386 1809 4469 exprimit
1859 4383 2191 4449 furiosum.
2285 4384 2548 4449 Placeat

637 4490 857 4574 itaque
911 4490 1238 4554 sanctitati
1295 4495 1538 4567 vestrae,
1593 4489 1776 4571 cujus
1827 4488 2337 4555 incolumitatem
2397 4510 2541 4573 pro-
