3200 5392
732 754 861 818 302
1270 769 1275 774 ·
1568 774 1796 819 ownm

727 909 795 966 et
852 902 1209 983 honoravit,
1254 909 1449 986 atque
1502 900 1837 966 dominum
1897 902 2100 966 totius
2158 902 2346 986 regni
2405 904 2526 982 sui,
2573 913 2639 969 et

728 1004 1020 1070 omnium
1059 1013 1379 1070 terrarum
1420 1024 1683 1068 suarum
1719 1004 2077 1083 constituit,
2110 1012 2177 1069 et
2216 1006 2288 1069 in
2327 1007 2637 1093 majorem

729 1107 997 1174 tandem
1044 1108 1377 1187 honorem,
1419 1127 1613 1191 quem
1657 1106 1937 1171 habebat
1987 1108 2060 1170 in
2105 1114 2246 1172 tota
2288 1115 2462 1173 terra
2502 1132 2637 1189 sua,

724 1231 835 1276 vos
882 1210 1267 1289 sublimavit,
1313 1217 1389 1274 ut
1433 1209 1513 1273 de
1560 1215 1795 1273 oaetero
1843 1208 2019 1272 vobis
2068 1211 2353 1274 securius
2403 1211 2635 1277 debeat

727 1313 1007 1393 credere,
1053 1313 1374 1397 praecipue
1418 1331 1566 1376 cum
1614 1319 1923 1389 asserant,
1970 1311 2142 1395 quod
2184 1319 2397 1377 totum
2444 1335 2634 1378 suum

722 1437 1017 1500 regnum,
1049 1423 1366 1500 quantum
1410 1414 1731 1498 potuistis,
1771 1413 2071 1478 adversus
2111 1436 2261 1479 eum
2301 1417 2630 1495 turbastis,

722 1540 844 1584 nec
882 1518 1190 1583 remansit
1232 1518 1303 1581 in
1334 1517 1530 1595 vobis,
1563 1517 1723 1601 quin
1766 1515 1850 1582 ad
1891 1537 2044 1581 eum
2089 1518 2628 1583 exhaeredandum

719 1643 836 1706 pro
865 1621 1104 1685 viribus
1133 1619 1563 1685 intenderitis.
1654 1619 2013 1702 Eapropter
2047 1621 2237 1685 mitto
2266 1620 2441 1684 vobis
2470 1622 2625 1686 fide-

716 1725 846 1788 lem
892 1731 962 1788 et
1003 1722 1381 1787 familiarem
1422 1727 1719 1786 nostrum
1763 1722 2192 1787 Laurentium
2239 1723 2624 1788 archidiaco-

713 1848 894 1905 num,
940 1834 1015 1890 ut
1059 1848 1173 1910 per
1223 1847 1374 1890 eum
1420 1825 1616 1890 sciam
1660 1825 2059 1890 voluntatem
2107 1834 2390 1891 vestram
2434 1848 2625 1911 super

712 1929 813 1993 his
843 1927 1163 2008 omnibus,
1195 1936 1261 1992 et
1303 1928 1665 2014 cujusmodi
1709 1928 2000 1992 animum
2030 1951 2140 1992 vos
2177 1930 2432 1994 habetis
2468 1951 2622 2014 erga

711 2032 916 2097 filium
961 2054 1199 2110 meum,
1229 2038 1298 2096 et
1341 2032 1615 2115 qualiter
1658 2052 1767 2095 vos
1812 2032 2143 2096 continere
2182 2033 2534 2111 volueritis,
2569 2034 2622 2096 si

713 2136 1078 2220 contigerit,
1138 2135 1313 2222 quod
1370 2134 1749 2219 petitionem
1808 2155 2040 2213 meam,
2102 2141 2168 2198 et
2225 2155 2480 2218 precem
2541 2135 2620 2199 de

712 2240 890 2304 vobis
937 2238 1020 2303 ad
1064 2240 1330 2323 plenum
1377 2238 1679 2302 exaudire
1719 2237 2007 2302 voluerit.
2100 2239 2327 2302 Unum
2369 2260 2621 2323 quoque

710 2343 889 2408 vobis
917 2344 1224 2407 veraciter
1253 2342 1415 2421 dico,
1446 2342 1598 2425 quia
1641 2342 1765 2405 nisi
1809 2360 1923 2425 per
1957 2341 2392 2406 humilitatem
2438 2365 2615 2425 mag-

710 2467 884 2524 nam,
916 2453 982 2509 et
1011 2445 1515 2511 moderationem
1544 2445 2106 2525 evidentissimam,
2142 2446 2416 2529 gratiam
2447 2448 2615 2530 regis

708 2567 1083 2632 recuperare
1128 2569 1263 2612 non
1309 2549 1619 2632 poteritis.
1712 2549 2181 2613 Verumtamen
2224 2551 2380 2633 quid
2428 2572 2617 2634 super

711 2648 834 2713 hoc
862 2649 1069 2713 facere
1099 2650 1444 2730 volueritis,
1476 2651 1718 2716 nuncio
1755 2651 2029 2736 proprio,
2062 2658 2128 2716 et
2157 2651 2362 2716 literis
2390 2653 2615 2717 vestris

710 2753 870 2818 mihi
901 2754 1276 2838 significate.

771 3056 1223 3121 ·EPISTOLA
1268 3056 1672 3119 D.-—owl·:N1
1707 3075 2091 3118 wALLnnsls
2125 3076 2215 3117 An
2248 3076 2539 3120 'rnoMAM

1491 3178 1832 3221 CANTUAR.

705 3305 1186 3392 Reliqiosissim'o
1209 3309 1330 3371 Dei
1352 3310 1568 3390 qratia
1588 3314 1818 3372 sanctoe
1850 3307 2320 3371 Cantuariensis
2347 3309 2612 3372 ecclesioe

791 3414 1245 3494 archiepiscopo
1282 3412 1520 3475 Tkomae
1547 3432 1658 3474 suo
1675 3412 1859 3493 patri
1885 3412 2202 3491 spirituali
2239 3410 2312 3472 Ο.
2354 3411 2608 3473 Wallia-

788 3534 928 3576 rum
955 3534 1070 3577 rex·
1096 3534 1243 3577 suus
1269 3512 1619 3594 spiritualis
1647 3514 1714 3575 in
1734 3513 1999 3576 Domino
2014 3510 2212 3593 filius,
2237 3511 2503 3575 debitam
2533 3530 2608 3572 ac

789 3617 1203 3680 voluntariam
1230 3617 1298 3679 in
1332 3611 1577 3680 Christo
1608 3615 2030 3679 obedientiam.

786 3765 1092 3844 Vnsmffl,
1122 3772 1307 3848 pater
1349 3766 1441 3828 mi
1484 3766 1863 3844 venerande,
1896 3760 2292 3829 discretionis
2338 3761 2602 3825 auribus

699 3867 1007 3944 insonuit,
1059 3873 1299 3950 quanta
1347 3866 1444 3929 sui
1486 3868 1653 3950 juris
1701 3868 2090 3934 detrimenta
2132 3873 2279 3951 post
2323 3871 2603 3930 mortem

702 3969 979 4052 episcopi
1017 3968 1223 4033 nostri
1261 3969 1555 4033 Mam-itii
1596 3977 1820 4034 nostra
1859 3993 2044 4054 passa
2082 3969 2279 4033 fuerit
2317 3968 2602 4033 ecclesia.

701 4073 897 4137 Unde
937 4079 1003 4138 et
1039 4093 1275 4155 magno
1302 4072 1535 4137 timore
1564 4072 1841 4157 perculsi
1867 4073 2285 4156 trepidamus,
2316 4092 2420 4151 ne,
2455 4072 2605 4154 quia

698 4174 884 4242 nobis
932 4176 1252 4241 incumbit
1311 4177 1654 4240 necessitas
1713 4197 1934 4240 curam
1986 4183 2052 4240 et
2105 4174 2603 4239 sollicitudinem

696 4278 890 4363 hujus
919 4281 1199 4345 ecclesiae
1237 4278 1521 4363 gerendi,
1554 4278 1735 4342 Deus
1765 4287 2001 4343 nostrae
2036 4277 2450 4361 negligentiae
2478 4277 2606 4340 ista

700 4382 995 4465 imputet.
1103 4381 1327 4446 Nostis
1387 4401 1658 4465 quoque,
1712 4387 2028 4464 quantum
2076 4401 2197 4444 nos
2248 4378 2605 4443 immeritos
