3200 5392
2244 137 2293 146 ς

2298 219 2309 226 .-
2460 227 2465 230 ,
2680 225 2689 229 ,.

11 257 14 260 .
478 256 485 263 ι
3193 242 3198 248 ·

599 967 736 1011 ΑΛ).
776 949 1167 1032 1161-89.]
1271 970 1769 1014 LoNDoNIENSIS
1804 972 2159 1016 nrls'mLAE.
2427 954 2506 1017 1⁷

598 1077 881 1149 cessione
910 1085 1280 1169 frequenter
1311 1087 1801 1166 exheredantur,
1822 1095 1898 1152 ut
1925 1088 2249 1152 hereditas
2281 1109 2502 1152 eorum

596 1187 1023 1252 transferatur
1062 1189 1145 1253 ad
1184 1195 1454 1269 exteros,
1487 1198 1554 1254 et
1594 1191 1666 1254 in
1704 1190 1955 1255 labores
1992 1213 2140 1255 suos
2176 1191 2504 1256 introeant

595 1290 808 1354 alieni.
899 1291 1179 1356 Proinde
1218 1292 1557 1375 episcopali
1595 1293 1775 1358 vobis
1815 1293 2197 1358 auctoritate
2236 1294 2501 1358 manda-

593 1413 759 1469 mus,
791 1399 1047 1456 orantes
1077 1399 1144 1456 et
1173 1393 1586 1457 exhortantes
1616 1394 1687 1457 in
1717 1395 2019 1473 Domino,
2052 1403 2117 1458 et
2162 1396 2499 1459 consulen-

590 1502 690 1558 tes
728 1494 800 1557 in
837 1495 1124 1574 caritate,
1167 1504 1233 1560 et
1272 1496 1343 1559 in
1381 1496 1823 1561 remissionem
1863 1497 2041 1562 vobis
2081 1498 2501 1582 injungentes

590 1598 990 1677 delictorum,
1024 1600 1327 1683 quatinus
1356 1608 1618 1683 propter
1648 1602 1884 1679 Deum,
1917 1608 1983 1665 et
2022 1610 2283 1685 propter
2324 1624 2497 1666 reve-

584 1703 1053 1786 rentiam-legis
1085 1703 1487 1781 Christianae,
1529 1704 1883 1769 modestius
1924 1713 1989 1769 et
2028 1706 2251 1769 mitius
2291 1706 2499 1788 agatis

584 1825 732 1868 cum
761 1827 960 1870 uxore
989 1813 1218 1885 vestra,
1251 1829 1393 1890 quae
1432 1815 1532 1871 est
1572 1824 1719 1890 pars
1760 1808 2039 1890 corporis
2068 1809 2284 1884 vestri,
2318 1830 2495 1872 amo-

582 1914 778 1991 toque
826 1909 1144 1994 praedictae
1190 1910 1609 1974 districtionis
1657 1931 1939 1989 excessu,
1984 1912 2190 1994 ipsam
2240 1911 2361 1974 sibi
2410 1911 2493 1975 ad

584 2010 868 2075 debitam
897 2011 1263 2077 libertatem
1298 2021 1362 2077 et
1395 2035 1502 2077 vos
1531 2013 1655 2096 ipsi
1686 2013 1770 2077 ad
1800 2013 2173 2078 societatem
2218 2021 2283 2078 et
2329 2014 2492 2078 sola-

581 2113 769 2192 tium,
802 2115 968 2178 sicut
1012 2114 1195 2179 decet
1241 2138 1542 2198 sponsum
1593 2138 1861 2199 sponsae,
1902 2116 2185 2199 benigne
2227 2118 2490 2182 restitu-

583 2215 724 2293 atis,
755 2237 840 2278 ne
879 2216 1018 2279 sine
1050 2216 1295 2299 judicio
1324 2216 1606 2279 ecclesiae
1634 2216 1915 2280 maritali
1950 2218 2233 2299 privetur
2261 2226 2490 2281 contu-

578 2316 822 2395 bernin,
871 2318 1041 2401 quod
1102 2317 1225 2382 sibi
1281 2324 1449 2382 teste
1507 2318 1789 2397 ecclesia,
1851 2318 1970 2381 sub
2032 2319 2302 2383 solemni
2362 2320 2487 2383 fide

579 2420 1042 2502 sponsaliorum
1076 2420 1476 2504 promisistis.
1568 2420 1653 2483 In
1685 2441 1812 2503 quo
1854 2420 1907 2483 si
1947 2419 2134 2484 nobis
2174 2442 2309 2485 non
2353 2441 2487 2485 cre-

578 2523 749 2601 ditis,
781 2524 1067 2606 apostolo
1111 2523 1372 2601 credite,
1413 2523 1528 2608 qui
1572 2523 1684 2602 ait,
1722 2528 1741 2558 ‘
1759 2523 1921 2601 Viri,
1964 2523 2212 2606 diligite
2258 2546 2486 2589 uxores

572 2634 832 2706 vestras,
876 2650 926 2692 s.
968 2634 1034 2692 et
1064 2650 1125 2692 x.
1159 2627 1309 2692 eas!
1398 2628 1485 2691 Et
1523 2627 1780 2706 iterum,
1815 2628 2176 2710 ‘Alligatus
2216 2649 2283 2691 es
2318 2651 2381 2691 u.
2416 2651 2481 2693 n.

573 2753 714 2814 quae
754 2752 843 2794 so·
935 2731 1184 2795 Caritas
1224 2730 1396 2813 cogit
1438 2751 1558 2794 nos
1603 2736 1671 2793 et
1715 2730 2061 2794 necessitas
2101 2731 2311 2809 officii,
2342 2731 2482 2795 haec

573 2842 638 2896 et
668 2833 1039 2917 hujusmodi
1069 2840 1296 2897 vestrae
1326 2853 1671 2915 suggerere
1701 2832 2053 2897 dilectioni.
2100 2833 2297 2896 Unde
2329 2833 2481 2916 quia

571 2957 713 3019 spes
742 2935 928 3000 nobis
960 2943 1055 3000 est
1087 2935 1167 2999 de
1195 2935 1372 2999 vobis
1401 2934 1472 2998 in
1502 2934 1804 3012 Domin0,
1838 2934 2009 3018 quod
2041 2935 2275 2998 nostris
2312 2935 2479 2998 sicut

571 3038 816 3127 debetis
847 3039 937 3103 sic
966 3046 1032 3103 et
1062 3024 1269 3103 velitis
1296 3039 1368 3102 in
1396 3038 1498 3102 his
1530 3060 1673 3121 quae
1702 3038 1785 3101 ad
1820 3039 2037 3101 Deum
2077 3045 2230 3101 sunt
2270 3037 2476 3102 consi-

567 3143 669 3206 liis
700 3143 1119 3227 acquiescere,
1152 3143 1492 3207 consilium
1520 3142 1700 3206 vobis
1730 3143 1957 3205 damus
1987 3141 2057 3204 in
2087 3142 2374 3219 caritate,
2399 3147 2477 3205 ut

565 3246 776 3329 legem
816 3253 882 3309 et
926 3246 1364 3310 conditionem
1400 3246 1915 3329 conjugatorum,
1962 3245 2069 3308 cui
2113 3244 2473 3328 subjecistis

565 3370 674 3412 vos
713 3348 1020 3430 legitime,
1053 3355 1119 3411 et
1159 3347 1296 3410 sine
1334 3348 1745 3410 simulatione
1775 3347 2111 3411 observare
2140 3347 2470 3427 studeatis,

562 3472 648 3515 ne
678 3449 976 3514 incidatis
1005 3450 1075 3513 in
1103 3470 1336 3511 manus
1357 3448 1595 3532 judicis
1628 3448 1739 3531 qui
1768 3469 1902 3512 non
1929 3448 2253 3527 irridetur,
2285 3450 2472 3532 cujus

560 3577 694 3619 non
723 3553 991 3637 potestis
1023 3551 1342 3637 judicium
1383 3551 1705 3615 declinare
1743 3572 1891 3615 reus
1931 3549 2469 3633 praevaricationis

552 3658 713 3740 legis
743 3679 896 3734 suae,
921 3655 1092 3739 quod
1120 3662 1366 3720 avertat
1396 3654 1803 3740 omnipotens
1835 3654 2177 3718 Dominus.
2222 3655 2459 3718 Amen.

556 3960 995 4025 EPISTOLA
1039 3959 1723 4024 CCLXXXIII.—An
1767 3977 2170 4022 MAGIs‘rRUM
2218 3977 2456 4021 mvn).

557 4115 868 4178 Gilbertus
913 4115 1037 4177 Dei
1086 4117 1302 4196 qratia
1349 4113 1798 4176 Londoniensis
1848 4114 2183 4194 episcopm,
2234 4111 2457 4174 dilecto

635 4237 765 4292 suc,
818 4219 1116 4299 magistro
1162 4217 1393 4295 David,
1441 4217 1721 4293 salutem,
1772 4220 1832 4278 et
1884 4220 2128 4296 optatos
2178 4215 2267 4276 ad
2311 4221 2458 4277 vota

636 4341 966 4384 θαΰθθθθῖιθ.

634 4468 985 4535 INsrnc'rls
1023 4470 1229 4535 literis
1263 4492 1303 4533 a
1331 4475 1446 4534 tua
1475 4470 1636 4533 mihi
1667 4468 2003 4550 diligentia
2032 4466 2308 4546 directis,
2340 4490 2451 4551 pa-¹

544 4574 674 4637 lam
704 4574 896 4638 datur
926 4575 1275 4653 advertere,
1306 4581 1373 4638 te
1415 4582 1479 4638 et
1521 4573 1966 4638 commotionis
2007 4579 2071 4636 et
2112 4572 2225 4634 irae
2264 4570 2449 4634 fomi-

631 4715 737 4749 ou..
763 4714 876 4748 ro1..
920 4715 1035 4749 vot..
1065 4715 1121 4749 11.
1458 4698 1511 4767 >C
