3200 5392
519 847 528 854 “
618 836 1185 919 4.1›.1161-89.]
1286 856 1615 912 nrlsroLAE
1648 854 1972 907 QUAEDA'M.
2387 841 2511 903 221

615 974 785 1041 sedis
828 971 1188 1058 apostolicas
1231 978 1612 1038 moveantur
1654 972 1844 1041 electi
1859 974 1889 1036 ?
1974 973 2065 1039 Et
2106 972 2366 1058 quidem
2404 976 2446 1040 J
2449 996 2517 1040 o-

616 1097 820 1143 annes
863 1076 945 1141 de
988 1075 1355 1141 Oxeneford
1400 1096 1574 1143 anno
1620 1076 1946 1160 praeterito
1993 1077 2172 1161 gravi
2217 1077 2518 1168 scandalo

615 1179 845 1244 collisit
891 1178 1244 1257 ecclesiam,
1293 1177 1404 1261 qui
1447 1177 1694 1242 domini
1736 1177 2220 1243 cantuariensis
2267 1199 2517 1245 excom·

614 1281 995 1360 municatos,
1026 1280 1441 1365 persistentes
1468 1280 1541 1344 in
1571 1280 1808 1345 scelere
1838 1301 1974 1359 suo,
2006 1280 2180 1364 quod
2204 1282 2518 1347 ‘omnibus

614 1390 847 1451 notum
896 1389 1014 1459 est,
1068 1384 1207 1447 sine
1258 1383 1438 1447 omni
1494 1400 1630 1448 non
1689 1382 1831 1448 dico
1890 1383 2343 1464 satisfactione,
2404 1385 2518 1451 sed

612 1487 810 1552 etiam
857 1487 996 1551 sine
1043 1485 1493 1553 satisfactionis
1540 1486 1826 1569 imagine
1874 1486 2029 1552 fecit
2080 1485 2339 1552 absolvi.
2426 1488 2517 1553 Et

612 1590 784 1674 quod
826 1590 967 1655 sine
1011 1589 1228 1655 dolore
1272 1597 1339 1654 et
1382 1588 1758 1655 confusione
1800 1611 1936 1655 non
1979 1590 2261 1675 eloquor,
2305 1590 2516 1656 adhuc

612 1694 1023 1759 ecclesiarum
1072 1692 1575 1777 possessionibus
1625 1691 1958 1771 incubant,
2005 1693 2284 1777 spoliant
2335 1695 2516 1759 cleri-

611 1816 739 1874 cos,
798 1815 1152 1880 pauperum
1200 1794 1442 1858 Christi
1498 1795 1672 1860 bona
1730 1795 2063 1879 diripiunt,
2121 1797 2403 1881 impune‘
2446 1818 2515 1861 se

611 1905 748 1962 tam
801 1899 1114 1962 Romanae
1165 1896 1445 1961 ecclesiae
1496 1897 1897 1976 auctoritate,
1945 1918 2139 1981 quam
2187 1899 2358 1982 regis
2412 1900 2516 1963 sui

610 1999 954 2083 iniquitate
999 2005 1178 2064 tutos
1229 2019 1367 2063 esse
1419 1998 1786 2081 gloriantes.
1878 1999 2200 2065 Caeterum
2248 2002 2516 2066 scanda-

608 2102 748 2165 lum
776 2101 957 2181 illud,
996 2101 1151 2166 licet
1188 2100 1545 2164 maximum
1571 2100 1786 2176 fuerit,
1822 2103 2008 2185 jocus
2047 2109 2183 2166 erat
2222 2123 2356 2185 prae
2393 2102 2514 2178 his,

611 2225 753 2287 quae
796 2204 968 2288 regis
996 2203 1255 2287 Angliae
1298 2203 1522 2267 nuncii
1563 2224 1773 2286 nuper
1798 2196 2200 2283 attulerunt,
2231 2211 2298 2268 et
2343 2205 2515 2287 quod

607 2307 901 2372 omnium
944 2307 1233 2373 fidelium
1275 2312 1635 2372 vestrorum
1679 2307 1871 2371 corda
1917 2307 2121 2391 magis
2167 2308 2513 2386 exulcerat,

607 2409 679 2473 in
710 2409 1026 2493 colloquio
1069 2429 1298 2493 regum
1341 2409 1687 2475 novissimo
1724 2409 2051 2492 publicata
2089 2416 2263 2475 sunt.
2354 2410 2514 2475 Lec-

604 2518 691 2576 tae
735 2512 912 2577 enim
955 2518 1109 2576 sunt
1150 2511 1374 2590 literae,
1408 2510 1642 2595 quibus
1676 2511 1978 2576 dominus
2009 2511 2513 2588 Cantuariensis‚

596 2614 701 2695 ,vir
749 2614 1087 2680 literarum
1137 2615 1499 2680 eruditione
1557 2620 1625 2679 et
1683 2636 1938 2679 morum
1993 2615 2353 2695 honestate,
2403 2615 2514 2680 sed

603 2717 811 2800 magis
854 2738 972 2800 pro
1015 2738 1211 2782 causa
1253 2716 1501 2808 domini
1543 2723 1611 2781 et
1654 2715 1954 2782 libertate
1993 2717 2296 2796 ecclesiae,
2328 2718 2512 2801 cujus

605 2828 881 2886 assertor
923 2827 1042 2899 est,
1086 2821 1505 2900 venerandus,
1551 2825 1873 2904 potestate
1916 2820 2136 2885 debita
2177 2822 2514 2885 coercendi

606 2921 896 2987 subditos
934 2923 1221 3006 privatus
1261 2929 1379 3002 est,
1413 2923 1618 2988 donec
1655 2922 1878 2988 redeat
1916 2923 1988 2986 in
2026 2912 2299 3006 gratiam
2338 2925 2511 3007 regis

603 3024 797 3104 illius,
827 3026 934 3090 cui
972 3032 1196 3108 gratus
1236 3046 1374 3089 esse
1416 3048 1551 3090 non
1589 3026 1847 3108 poterit,
1877 3025 2003 3088 nisi
2038 3025 2180 3090 Deo
2214 3027 2510 3109 ingratus

602 3127 705 3204 sit,
754 3133 821 3192 et
869 3126 1145 3190 infidelis
1198 3128 1559 3210 apostolicae
1612 3127 1767 3207 sedi,
1819 3134 1886 3192 et
1941 3128 2062 3192 toti
2106 3130 2502 3212 perniciosus

601 3229 902 3296 ecclesiae.
977 3229 1298 3294 Confusus
1329 3235 1427 3294 est
1457 3229 2041 3294 Christianissimus
2068 3252 2182 3295 rex
2210 3233 2280 3295 in
2309 3234 2504 3297 verbo

603 3333 749 3412 isto,
782 3331 1033 3414 stupuit
1076 3331 1342 3396 ecclesia
1374 3329 1732 3409 Gallicana,
1776 3330 2095 3414 principes
2142 3331 2508 3409 doluerunt,

605 3435 776 3518 quod
820 3440 1081 3498 tantum
1123 3433 1458 3517 praevaluit
1509 3433 1683 3517 apud
1723 3454 1834 3497 vos
1881 3433 2260 3497 manifestus
2308 3435 2509 3499 hostis

601 3537 788 3621 regni
816 3538 1235 3614 Francorum,
1264 3535 1639 3600 universalis
1668 3535 1949 3600 ecclesiae
1976 3544 2363 3618 persecutor,
2408 3538 2509 3601 in-

602 3648 830 3707 centor
872 3638 1236 3704 schismatis
1278 3637 1489 3722 quoad
1531 3637 1768 3722 potuit,
1810 3644 1877 3702 et
1919 3637 2136 3701 fautor
2178 3639 2508 3704 haeretico-

597 3764 767 3809 rum.
861 3741 990 3806 Sed
1031 3763 1229 3820 nunc,
1261 3746 1536 3805 auctore.
1561 3740 1724 3818 Deo,
1761 3739 1834 3803 in
1874 3761 1951 3804 eo
1989 3741 2234 3806 calculo
2272 3742 2505 3807 consti-

600 3850 786 3911 tutus
825 3849 944 3923 est,
973 3851 1049 3908 ut
1091 3844 1244 3909 licet
1286 3842 1524 3907 minari
1567 3841 1822 3921 audeat,
1867 3842 1940 3906 in
1981 3842 2105 3907 hac
2146 3852 2330 3926 parte
2373 3866 2508 3909 non

602 3947 803 4028 possit
843 3967 1095 4013 nocere.
1183 3946 1361 4011 Nam
1401 3946 1515 4030 qui
1556 3953 1778 4024 terret,
1823 3946 1968 4029 plus
2004 3946 2146 4030 ,ipse
2190 3948 2398 4026 timet,
2441 3956 2507 4012 et

605 4049 748 4114 Deo
793 4050 1181 4133 propitiante
1224 4050 1581 4133 promptior
1627 4055 1726 4115 est
1773 4048 1856 4113 ad
1899 4050 2143 4132 fugam,
2189 4072 2382 4132 quam
2431 4057 2508 4114 ut

602 4150 857 4217 hostem
915 4150 1149 4216 audeat
1207 4159 1589 4235 exspectare.
1691 4151 2029 4234 Nusquam
2089 4151 2264 4214 enim
2323 4158 2508 4215 tutus

604 4258 722 4332 est,
755 4260 822 4318 et
864 4274 999 4319 non
1042 4260 1179 4317 tam
1222 4260 1575 4333 extraneos,
1608 4275 1801 4337 quam
1832 4253 2211 4317 domesticos
2255 4261 2508 4316 veretur

602 4354 840 4420 hostes.
936 4354 1258 4420 Dominus
1312 4363 1535 4421 noster
1590 4377 1705 4421 rex
1751 4362 2069 4439 quantum
2126 4360 2342 4418 motus
2401 4355 2505 4435 sit,

603 4457 776 4543 quod
831 4465 1093 4524 tantum
1153 4458 1557 4543 acquievistis
1609 4458 1891 4525 ecclesiae
1938 4457 2381 4542 persequutori
2439 4466 2506 4524 et
