3200 5392
737 787 870 853 814
1412 808 1786 854 nannum
1822 807 1971 854 mr.

739 923 1047 988 debemus
1082 922 1256 1007 quod
1298 922 1491 988 scissa
1530 924 1646 988 illa
1684 924 1909 989 tunica
1949 923 2342 1003 inconsutili,
2371 923 2642 988 unitatis

738 1027 982 1092 scilicet
1016 1027 1315 1107 ecclesiae,
1347 1027 1507 1091 duos
1534 1028 1913 1111 apostolicos
1951 1027 2023 1091 in
2054 1029 2351 1093 Romana
2378 1028 2643 1092 ecelesia

735 1130 1026 1195 videmur
1067 1130 1350 1196 habere?
1427 1131 1753 1196 Defuncto
1800 1131 1974 1195 enim
2017 1131 2308 1197 Adriano
2350 1153 2515 1215 papa
2564 1132 2638 1195 in

736 1233 1030 1298 kalendis
1064 1232 1478 1317 Septembris,
1509 1233 1883 1312 cardinales,
1914 1235 2025 1317 qui
2064 1234 2383 1299 columnae
2412 1234 2639 1298 immo-

735 1336 896 1401 biles
926 1356 1064 1402 esse
1092 1336 1495 1415 videbantur,
1521 1336 1752 1420 quibus
1782 1343 2005 1401 sancta
2032 1343 2100 1400 et
2129 1336 2443 1401 catholica
2469 1337 2637 1402 inni-

735 1445 984 1504 teretur
1005 1439 1287 1518 ecclesia,
1311 1461 1446 1504 non
1469 1460 1615 1522 quae
1632 1439 1757 1504 Dei
1777 1445 1951 1517 sunt,
1977 1439 2089 1503 sed
2119 1460 2235 1503 sua
2256 1445 2636 1523 quaerentes,

734 1548 802 1607 et
825 1542 1141 1606 unitatem
1166 1542 1445 1606 ecelesiae
1473 1542 1857 1620 scindentes,
1881 1541 2042 1606 duos
2063 1542 2395 1625 pontifices
2427 1541 2636 1623 elege-

735 1651 911 1708 runt.
952 1646 1080 1709 Pro
1096 1651 1282 1708 tanta
1299 1666 1579 1728 namque
1597 1651 1665 1709 et
1681 1651 1819 1708 tam
1837 1645 2191 1728 perniciosa
2205 1643 2487 1708 eeclesiae
2497 1644 2634 1727 jac-

736 1756 883 1812 tura
911 1754 1052 1812 tota
1080 1747 1310 1812 Italica
1347 1748 1610 1812 ecclesia
1639 1747 2083 1827 conturbatur,
2115 1754 2181 1811 et
2212 1746 2635 1811 dissensiones

735 1849 1094 1915 schismatis
1116 1858 1272 1915 ortae
1294 1851 1363 1914 in
1386 1851 1616 1936 capite,
1639 1852 1776 1936 jam
1798 1851 1870 1914 in
1890 1850 2195 1915 inferiora
2214 1849 2505 1914 membra
2526 1849 2633 1914 de-

730 1953 1084 2032 fluxissent,
1116 1960 1182 2017 et
1210 1960 1424 2017 totum
1454 1975 1682 2038 corpus
1719 1953 2002 2017 ecelesiae
2040 1953 2634 2031 commaculassent,

731 2056 858 2121 nisi
895 2078 1014 2121 nos
1052 2057 1316 2121 consilio
1357 2064 1424 2121 et
1463 2056 1700 2121 auxilio
1739 2056 2181 2139 religiosorum
2209 2056 2492 2120 virorum
2524 2056 2635 2140 qui

732 2160 961 2243 spiritu
982 2159 1107 2224 Dei
1135 2166 1438 2243 aguntur,
1462 2167 1599 2223 tam
1620 2159 1962 2242 impudicae
1990 2158 2336 2242 iniquitati,
2361 2160 2633 2242 justitiae

728 2262 1007 2345 rigorem
1047 2262 1579 2346 opposuissemus.
1670 2262 1776 2325 Ne
1815 2262 2034 2346 itaque
2069 2261 2139 2325 in
2179 2269 2381 2326 tantae
2411 2262 2630 2326 discri-

728 2364 905 2429 mine
947 2365 1274 2429 discordiae
1305 2364 1678 2428 universalis
1721 2364 1988 2428 ecelesia
2025 2365 2225 2447 possit
2264 2364 2629 2448 periclitari,

731 2467 1099 2531 Romanum
1140 2467 1481 2550 imperium
1517 2466 1688 2549 quod
1728 2467 1812 2530 ad
1848 2467 2207 2531 remedium
2245 2474 2377 2531 tam
2418 2467 2629 2550 perni-

729 2563 885 2628 ciosi
933 2564 1142 2629 morbi
1195 2565 1411 2629 divina
1454 2565 1795 2628 clementia
1837 2565 2131 2647 providit,
2184 2565 2628 2629 universorum

728 2666 923 2729 saluti
951 2666 1143 2730 debet
1188 2667 1455 2731 sollicite
1498 2668 1847 2752 providere,
1881 2677 1947 2732 et
1991 2689 2075 2734 ne
2117 2674 2305 2731 tanta
2345 2668 2516 2731 mala
2556 2669 2629 2732 in

726 2769 991 2834 eeclesia
1040 2769 1165 2832 Dei
1223 2771 1665 2852 praemineant,
1717 2770 1953 2834 futuris
2013 2771 2303 2834 sollerter
2347 2770 2624 2835 obviare.

728 2870 1122 2937 coadunatis
1166 2873 1407 2938 etenim
1444 2874 1517 2936 in
1543 2895 1753 2937 unum
1788 2873 2087 2937 omnibus
2130 2873 2458 2957 episcopis,
2490 2880 2624 2937 tam

725 2976 969 3041 Italicis
1016 2994 1209 3060 quam
1255 2978 1643 3056 Teutonicis,
1686 2978 2060 3061 caeterisque
2110 2977 2505 3061 principibus
2552 2999 2626 3041 ac

723 3079 872 3141 viris
929 3079 1259 3162 religiosis»,
1313 3081 1424 3163 qui
1481 3081 1690 3144 zelum
1742 3080 1869 3144 Dei
1926 3088 1992 3144 et
2051 3080 2333 3144 ecclesiae
2387 3080 2624 3144 habere

721 3181 1122 3263 videbantur,
1155 3183 1309 3267 quid
1351 3183 1522 3247 facto
1566 3205 1726 3266 opus
1770 3190 1956 3261 esset,
1989 3182 2331 3265 diligenter
2363 3184 2620 3247 investi-

720 3282 1028 3368 gavimus.
1135 3285 1242 3351 De
1295 3286 1563 3351 decretis
1614 3286 1993 3369 pontificum
2042 3287 2503 3365 Romanorum,
2556 3293 2622 3351 et

720 3390 980 3453 statutis
1032 3389 1312 3453 ecclesiae
1362 3389 1672 3454 veraciter
1716 3389 2120 3473 accipientes,
2171 3390 2344 3473 quod
2395 3396 2618 3454 exorto

718 3492 1060 3556 schismate
1102 3493 1173 3556 in
1217 3493 1511 3557 Romana
1555 3493 1819 3557 ecclesia
1870 3514 1947 3556 ex
1993 3492 2267 3556 duorum
2318 3493 2613 3576 apostoli-

716 3614 938 3658 corum
984 3596 1294 3660 electione
1335 3595 1554 3660 ambos
1583 3616 1828 3674 vocare,
1860 3602 1925 3659 et
1966 3595 2316 3659 secundum
2356 3600 2616 3657 senten-

716 3698 876 3761 tiam
919 3704 986 3761 et
1025 3700 1364 3763 consilium
1411 3699 1911 3764 orthodoxorum
1944 3699 2126 3763 litem
2170 3697 2459 3761 decidere
2503 3697 2614 3762 de-

711 3799 1030 3864 beremuS.
1120 3803 1220 3865 Ex
1259 3802 1523 3866 consilio
1563 3803 1785 3885 itaque
1831 3803 2121 3867 omnium
2168 3800 2277 3885 qui
2323 3801 2613 3881 aderant,

715 3903 1154 3986 episcoporum
1177 3904 1435 3983 scilicet,
1460 3912 1963 3989 caeterorumque
1985 3906 2346 3989 principum
2370 3906 2614 3971 curiam

715 4006 1066 4085 solennem,
1098 4013 1164 4070 et
1202 4007 1566 4089 generalem
1603 4015 1993 4077 conventum
2030 4008 2321 4073 omnium
2361 4009 2615 4073 ecclesi-

713 4110 1058 4175 asticorum
1086 4113 1385 4190 virorum,
1416 4111 1487 4175 in
1517 4113 1757 4176 oetavis
1789 4111 2169 4196 Epiphaniae
2197 4113 2415 4196 Papiae
2450 4114 2614 4178 eele-

708 4214 1030 4279 brandum
1059 4215 1425 4279 indiximus.
1517 4214 1623 4278 Ad
1655 4237 1849 4298 quam
1888 4215 2111 4280 ambos
2135 4216 2247 4298 qui
2277 4237 2345 4280 se
2377 4217 2612 4282 dicunt

706 4321 1039 4404 pontifices
1069 4322 1412 4398 Romanos,
1445 4341 1795 4403 omnesque
1825 4320 2149 4404 episcopos
2178 4321 2433 4405 imperii
2460 4344 2609 4387 nos-

706 4426 794 4488 tri
824 4424 1203 4489 voeavimus.
1299 4423 1470 4489 Sane
1509 4445 1710 4506 quum
1753 4423 1837 4487 sis
1876 4445 2082 4489 unum
2125 4425 2204 4488 de
2245 4425 2608 4510 principali-
