3200 5392
594 886 732 931 Aa).
769 867 1164 950 1161—89.]
1265 887 1599 932 Ens'roLAE
1633 887 1956 945 QUAEDAM.
2365 870 2493 935 209

593 1001 689 1066 fas
719 1010 907 1084 esset,
938 1009 1005 1069 et
1036 1004 1329 1069 devotam
1360 1010 1532 1069 stare
1570 1024 1688 1088 pro
1727 1003 1906 1069 vobis
1946 1010 2243 1087 gererent
2271 1003 2495 1068 volun-

592 1107 816 1167 tatem.
906 1101 1012 1168 De
1041 1110 1271 1185 caetero
1300 1104 1473 1188 quod
1500 1104 1680 1169 vobis
1707 1103 2039 1193 placuerit,
2068 1126 2185 1191 per
2221 1126 2497 1190 praesen-

591 1203 760 1268 tium
786 1204 1060 1271 latorem
1087 1205 1411 1290 resignate
1447 1205 1630 1285 mihi,
1660 1207 1734 1270 in
1762 1205 2064 1272 omnibus
2103 1214 2169 1272 et
2207 1228 2323 1292 per
2361 1229 2495 1273 om-

591 1306 701 1373 nia
726 1316 952 1391 parato
979 1308 1260 1374 obedire.

589 1606 1033 1672 EPISTOLA
1078 1604 1992 1672 OCOOXLV1.-wn,m1,m
2038 1629 2497 1673 cARNo'rnNsIS

1099 1731 1337 1775 nmen
1372 1731 1463 1774 An
1497 1730 1694 1774 Annx.
1730 1726 1982 1773 PAPAM.

904 1860 1267 1924 Aleoeandro
1284 1881 1473 1942 papae
1511 1862 1910 1925 carnotensis
1938 1862 2180 1925 electus.

679 2009 1030 2072 Eccnnsm
1071 2011 1382 2073 Romanae
1425 2009 1616 2088 filius,
1659 2009 1824 2073 sicut
1865 2009 1937 2073 in
1980 2011 2206 2074 matris
2251 2030 2499 2074 succes-

597 2107 772 2172 sibus
823 2114 1000 2171 totus
1052 2110 1289 2188 exulto,
1339 2109 1428 2173 sic
1476 2110 1547 2173 in
1600 2109 1879 2174 adversis
1938 2111 1994 2193 ej
2003 2132 2077 2174 us
2136 2111 2296 2175 mihi
2353 2133 2501 2176 caro

597 2216 977 2289 maceratur,
1024 2218 1092 2275 et
1134 2210 1441 2294 affligitur
1485 2206 1769 2296 spiritus,
1817 2217 1882 2275 et
1928 2211 2160 2274 animae
2203 2232 2363 2275 meae
2406 2233 2503 2274 re-

597 2314 777 2396 quies
806 2314 1071 2379 omnino
1103 2310 1476 2396 denegatur.
1569 2314 1795 2380 Quum
1834 2313 2004 2378 enim
2047 2314 2393 2379 necessitas
2424 2313 2507 2377 ad

596 2415 1027 2480 obediendum
1058 2416 1420 2500 apostolicae
1458 2416 1594 2480 sedi
1624 2416 1843 2480 fideles
1882 2424 2113 2500 urgeat
2153 2416 2503 2494 universOS,

596 2540 701 2584 me
753 2519 866 2603 qui
914 2519 987 2584 in
1037 2519 1279 2585 Christi
1330 2519 1687 2584 ministerio
1737 2526 1950 2584 vestra
2008 2541 2155 2584 sum
2212 2526 2508 2586 creatura

598 2622 905 2706 specialis,
967 2628 1173 2687 arctat
1232 2622 1484 2688 devotio
1543 2622 1850 2700 caritatiS,
1911 2629 1988 2686 ut
2045 2643 2162 2706 per
2230 2623 2504 2706 gratiam

594 2725 722 2790 Dei
757 2746 970 2808 neque
998 2747 1171 2790 mors
1199 2747 1410 2809 neque
1448 2726 1582 2791 vita
1619 2725 1821 2808 possit
1852 2746 1891 2789 a
1920 2733 2161 2789 sanctae
2193 2724 2503 2790 Romanae

596 2828 895 2906 ecclesiae,
948 2835 1014 2892 et
1070 2835 1287 2892 vestra
1343 2828 1652 2893 fidelitate
1703 2833 1787 2902 et,
1822 2826 2129 2911 obsequio
2189 2849 2500 2911 separare.

597 2926 794 2995 Unde
828 2936 894 2994 et
930 2931 1012 2994 ad
1049 2931 1385 2995 dominum
1412 2951 1635 2994 meum
1665 2929 2050 2994 fiducialiter
2075 2930 2321 3013 loquar,
2354 2928 2511 3014 quae'

596 3026 679 3097 ad
726 3032 994 3116 gloriam
1042 3033 1201 3117 ejus,
1227 3039 1317 3097 et
1362 3033 1563 3097 totius
1612 3032 1895 3097 ecclesiae
1945 3032 2260 3096 honorem
2305 3033 2503 3116 perti-

595 3119 751 3198 nere
803 3140 978 3197 certo
1028 3134 1264 3197 certius
1311 3141 1429 3198 est.
1520 3133 1705 3199 Inter
1754 3135 1973 3200 omnia
2020 3156 2226 3218 regna
2274 3136 2505 3200 mundi

596 3256 733 3299 non
762 3241 868 3314 est„
900 3256 979 3299 ex
1017 3235 1219 3298 animi
1255 3237 1386 3299 mei
1425 3237 1749 3300 sententia
1775 3257 2073 3319 regnum,
2107 3237 2278 3319 quod
2307 3238 2501 3302 fidem

597 3337 1025 3416 sinceriorem,
1050 3336 1382 3401 caritatem
1411 3337 1884 3416 ferventiorem,
1911 3322 2315 3402 devotionem
2346 3339 2502 3405 ube-

593 3438 832 3504 riorem
903 3439 1264 3523 apostolicae
1336 3439 1472 3503 sedi
1545 3460 1798 3522 semper
1862 3438 2244 3518 exhibuerit,
2306 3461 2502 3523 quam

591 3542 1007 3608 Francorum.
1097 3540 1255 3606 Non
1302 3548 1401 3605 est
1446 3541 1621 3605 inter
1665 3562 1848 3624 reges
1896 3547 1962 3604 et
2007 3540 2347 3624 principes,
2393 3542 2504 3625 qui

592 3644 939 3728 benignius
969 3642 1270 3708 exaudiat
1297 3664 1518 3726 preces
1546 3649 1811 3722 vestras,
1842 3643 1959 3728 qui
1999 3642 2322 3707 mandatis
2352 3642 2501 3708 obe-

595 3746 731 3813 diat
780 3746 1107 3826 humilius,
1157 3747 1270 3830 qui
1321 3746 1655 3811 ecclesiam
1707 3752 1774 3809 et
1822 3746 1992 3810 viros
2044 3745 2501 3810 ecclesiasticos

596 3850 883 3915 devotius
939 3849 1235 3928 honoret,
1288 3856 1354 3913 et
1414 3847 1761 3913 studiosius
1811 3853 2094 3927 tueatur,
2143 3847 2500 3912 Christian-

594 3951 812 4015 issimo
854 3971 1007 4033 rege
1047 3957 1293 4016 nostre.
1381 3951 1539 4015 Non
1592 3956 1691 4014 est
1739 3949 2023 4028 ecclesia,
2071 3971 2212 4032 quae
2264 3950 2501 4014 Roma-

596 4075 699 4117 nae
728 4053 1008 4117 ecclesiae
1045 4053 1241 4117 fuerit
1279 4053 1501 4117 utilior
1538 4053 1611 4116 in
1650 4052 1951 4117 omnibus
1991 4052 2307 4135 angustiis
2348 4053 2500 4131 suiS,

597 4177 792 4240 quam
837 4155 1188 4219 Gallicana.
1282 4156 1817 4240 Supplicaverunt
1860 4154 2037 4219 vobis
2082 4154 2347 4218 ecclesia
2388 4176 2503 4217 rex

596 4266 663 4323 et
705 4278 983 4341 regnum
1024 4278 1140 4342 pro
1184 4257 1445 4322 domino
1490 4257 1961 4335 cantuariensi,
1995 4257 2106 4340 qui
2147 4276 2265 4340 pro
2308 4256 2500 4319 liber-

598 4368 735 4427 tate
783 4358 1066 4424 ecelesiae
1112 4365 1179 4423 et
1223 4361 1578 4444 majestatis
1620 4367 1849 4425 vestrae
1894 4358 2210 4440 dignitate
2257 4355 2502 4421 tuenda

599 4464 748 4528 exul
806 4468 874 4526 et
929 4460 1323 4546 proscriptus
1372 4463 1511 4547 jam
1569 4469 1870 4546 quartum
1946 4459 2158 4546 explet
2232 4480 2498 4524 annum.
2573 4465 2581 4469 ’

689 4590 799 4626 σπι.
822 4588 937 4626 101..
980 4590 1098 4626 vom
1124 4589 1184 4624 11.
1536 4584 1574 4627 1>
