3200 5392
582 967 717 1009 Aa).
755 944 1163 1027 1161—89]
1251 950 1584 1007 linswomi
1619 963 1943 1014 QUAEDAM.
2404 946 2483 1010 ⁷1

580 1085 647 1144 e't
674 1077 1021 1156 beneficiis,
1052 1076 1560 1142 contradictione
1600 1082 1668 1141 et
1708 1074 2137 1160 appellatione
2176 1085 2485 1157 cessante,

578 1181 926 1264 apostolica
953 1179 1335 1243 auctoritate
1375 1178 1747 1262 suspendae,
1777 1179 1871 1243 ita
1910 1179 2081 1263 quod
2122 1179 2260 1244 sine
2303 1202 2485 1244 man-

576 1282 728 1347 dato
788 1282 1067 1346 Romani
1126 1281 1447 1364 pontificis
1507 1301 1645 1345 non
1706 1281 1936 1345 debeat
1994 1281 2151 1365 ipsis
2207 1282 2485 1346 restitui.

577 1384 909 1451 Quosdam
967 1385 1193 1462 etiam,
1244 1404 1403 1466 quos
1461 1382 1715 1448 noveris
1774 1384 1858 1447 ad
1921 1390 2183 1447 tantum
2240 1386 2484 1448 malum

574 1487 998 1571 promptiores
1042 1487 1257 1565 fuisse,
1308 1486 1388 1550 ab
1440 1486 1649 1550 officio
1693 1485 1994 1569 deponas,
2042 1492 2109 1550 et
2152 1487 2208 1550 si
2260 1494 2487 1550 contra

575 1590 1010 1675 suspensionis
1063 1600 1174 1653 aut
1239 1587 1654 1672 depositionis
1713 1589 2103 1653 sententiam
2163 1590 2481 1668 venerint,

576 1715 682 1758 eos
724 1694 796 1757 in
848 1691 1122 1758 eandem
1178 1691 1854 1756 excommunicationis
1906 1686 2318 1772 sententiam,
2373 1716 2481 1777 ap-

575 1794 919 1879 pellatione
949 1800 1261 1872 cessante,
1292 1794 1581 1858 reducas.

621 2098 1067 2162 EPIs‘roLA
1110 2064 1923 2163 cossun—mmm
1957 2119 2047 2163 An
2079 2114 2437 2163 mamm

955 2220 1454 2263 EBORACENSEM
1487 2221 2117 2265 ARCHIEPISCOPUM.

647 2366 1009 2429 Aleoeander
1024 2386 1204 2448 papa
1235 2366 1503 2448 Royerio
1531 2366 1917 2430 Eboracensi
1946 2368 2423 2448 archiepiscope,

1137 2471 1485 2551 apostolicae
1513 2471 1679 2534 sedis
1709 2471 1928 2552 legate.

665 2621 726 2684 A
760 2640 1087 2683 MEMORIA
1133 2627 1345 2684 vestra
1382 2642 1516 2684 non
1557 2620 1813 2699 excidit,
1857 2620 2130 2704 qualiter
2167 2621 2239 2684 in
2277 2620 2484 2702 primo

579 2744 752 2787 anno
795 2730 1032 2786 nostrae
1066 2723 1505 2805 promotionis,
1553 2725 1864 2807 scriptum
1910 2724 2244 2788 literarum
2283 2722 2485 2786 felicis

580 2825 906 2889 memoriae
957 2825 1435 2909 praedecessoris
1481 2826 1689 2889 nostri
1738 2826 2016 2889 Honorii
2067 2846 2247 2909 papae
2296 2824 2484 2889 nobis

582 2928 806 2991 feceris
853 2928 1244 3011 praesentari,
1291 2929 1363 2991 in
1412 2948 1537 3011 quo
1576 2928 2033 2992 continebatur
2071 2927 2484 2992 antecessori-

579 3029 702 3094 bus
745 3030 877 3095 tuis
931 3031 1275 3114 apostolica
1326 3030 1730 3114 benignitate
1776 3031 2106 3095 indultum
2146 3031 2362 3108 fuisse,
2410 3036 2486 3092 ut

579 3140 718 3197 tam
763 3133 843 3197 iis
893 3154 1084 3216 quam
1134 3134 1604 3198 successoribus
1653 3134 1783 3198 suis
1827 3134 2104 3198 liberum
2155 3139 2321 3197 esset
2372 3153 2486 3215 per

580 3242 787 3299 totam
832 3235 1142 3317 Angliam
1186 3243 1338 3299 ante
1378 3258 1446 3299 se
1490 3258 1749 3301 crucem
1794 3236 2058 3301 deferre.
2148 3237 2290 3300 Nos
2335 3257 2485 3299 vero

579 3336 809 3400 iisdem
853 3337 1277 3399 antecessoris
1320 3339 1526 3401 nostri
1573 3339 1859 3420 vestigiis
1909 3339 2318 3417 inhaerentes,
2362 3337 2484 3401 tibi

581 3438 801 3522 scripti
842 3439 1049 3502 nostri
1097 3438 1457 3502 munimine
1504 3440 2038 3518 confirmavimus,
2088 3439 2261 3523 quod
2304 3446 2484 3503 ante-

578 3542 936 3608 cessoribus
993 3543 1125 3606 tuis
1179 3542 1392 3607 fuerat
1459 3563 1497 3606 a
1560 3543 2022 3626 praedecessore
2081 3548 2303 3605 nostro
2360 3541 2486 3605 cle-

577 3650 834 3708 menter
872 3643 1222 3721 indultum,
1268 3645 1680 3727 postmodum
1723 3653 1940 3709 autem
1989 3650 2227 3709 sanctae
2272 3651 2339 3709 et
2381 3663 2486 3707 ve-

579 3746 884 3811 nerandae
932 3747 1259 3811 memoriae
1314 3746 1592 3811 Thomas
1633 3746 1960 3830 quondam
2003 3746 2487 3812 cantuariensis

581 3849 1114 3933 archiepiscopus,
1147 3848 1518 3914 existimans
1556 3850 1681 3914 hoc
1710 3851 1780 3913 in
1811 3849 2285 3933 depressionem
2320 3850 2488 3935 juris

582 3960 648 4017 et
693 3952 1029 4036 dignitatis
1075 3973 1207 4016 suae
1250 3952 1634 4032 redundare,
1681 3953 1911 4017 exinde
1955 3953 2149 4037 coepit
2190 3954 2485 4037 quaestio-

581 4074 733 4118 nem
779 4074 1053 4133 movere,
1098 4061 1164 4118 et
1210 4060 1471 4138 propter
1514 4055 1640 4120 hoc
1686 4056 1771 4120 ad
1816 4055 2031 4122 sedem
2077 4057 2489 4139 apostolicam

581 4157 940 4242 appellavit,
974 4157 1320 4237 affirmans,
1363 4158 1417 4222 si
1460 4158 1629 4223 bene
1672 4160 2104 4238 meminimus,
2151 4161 2325 4244 quod
2365 4159 2488 4224 tibi

581 4259 685 4323 vel
711 4259 1280 4343 praedecessoribus
1310 4261 1440 4328 tuis
1470 4262 1843 4331 nullatenus
1872 4261 1941 4325 id
1970 4262 2273 4327 licuisset.
2353 4262 2487 4324 Sic-

584 4382 709 4445 que
737 4362 986 4426 factum
1015 4369 1135 4440 est,
1168 4363 1341 4445 quod
1370 4384 1489 4431 nos
1529 4364 1652 4428 tibi
1681 4385 1796 4447 per
1824 4364 2062 4448 scripta
2096 4371 2318 4427 nostra
2344 4382 2490 4445 pro-

583 4464 936 4543 hibuimus,
997 4484 1080 4528 ne
1135 4465 1209 4528 in
1266 4466 1591 4548 provincia
1649 4467 2133 4531 cantuariensis
2191 4464 2489 4543 ecclesiae,

587 4569 790 4635 donec
821 4568 901 4633 de
932 4589 1125 4634 causa
1147 4576 1657 4651 cognosceretur,
1685 4577 1837 4634 ante
1866 4576 1934 4633 te
1968 4588 2222 4633 crucem
2248 4568 2492 4632 deferre
