3200 5392
549 897 684 940 ΑΛ).
722 877 1113 959 116]-89.]
1216 896 1712 939 ιοΝΒοΝῙΕΝεῙε
1746 897 2097 940 Ensrom.
2411 882 2449 943 7

804 1266 1247 1331 EPISTOLA
1293 1266 1859 1330 CCLXXV.—An
1893 1286 2200 1329 numum.

641 1417 878 1481 Tium
936 1439 1074 1495 nos,
1125 1417 1404 1496 domine,
1453 1404 1763 1481 mandati¹
1790 1417 1991 1482 moles
2042 1416 2126 1481 ad
2175 1435 2455 1501 praesens

446 1548 453 1556 ·
554 1519 877 1603 opprimit,
914 1527 1104 1584 tanta
1139 1542 1206 1585 se
1250 1520 1436 1584 nobis
1481 1521 1831 1585 auctoritas
1866 1520 2153 1604 opponit,
2186 1527 2261 1583 ut
2305 1539 2456 1582 con-

555 1622 771 1686 silium
813 1623 1052 1706 pariter
1091 1630 1158 1687 et
1205 1624 1515 1687 auxilium
1565 1645 1606 1688 a
1646 1623 1824 1688 vobis
1872 1630 2168 1707 expetere
2206 1642 2458 1686 summa

557 1726 1018 1810 compellamur
1046 1727 1450 1791 necessitate.
1516 1727 1694 1791 Nam
1725 1726 1895 1810 quod
1933 1726 2279 1790 auctoritas
2309 1746 2456 1808 apo-

554 1827 779 1892 stolica
805 1828 1113 1913 praecipit,
1149 1830 1272 1892 hoc
1313 1829 1655 1912 appellatio
1693 1850 1828 1893 non
1872 1828 2224 1912 suspendit.
2313 1828 2459 1891 Nec

554 1930 855 1994 adversus
885 1931 1024 2015 ejus
1047 1932 1426 1995 mandatum
1449 1938 1662 2015 potest
1691 1932 1896 1995 ullum
1920 1952 2057 1995 esse
2079 1929 2456 2007 remedium,

557 2055 759 2115 quum
790 2035 963 2117 quod
990 2035 1358 2118 praecipitur
1385 2035 1653 2119 implere
1685 2056 1942 2099 necesse
1965 2035 2069 2114 sit,
2095 2042 2209 2099 aut
2236 2033 2458 2098 inobe-

553 2135 816 2199 dientiae
845 2144 1100 2200 reatum
1138 2137 1485 2201 incurrere.
1576 2139 1702 2202 Die
1731 2135 2011 2221 namque
2045 2137 2220 2201 beati
2249 2136 2456 2214 Pauli,

557 2256 760 2319 quum
790 2236 1148 2300 Londoniis
1193 2236 1276 2300 ad
1320 2237 1521 2301 altare
1551 2238 2064 2317 consisteremus,
2094 2239 2312 2303 literas
2350 2237 2459 2301 do-

555 2337 718 2401 mini
737 2358 922 2422 papae
945 2338 1025 2402 de
1048 2359 1245 2402 manu
1266 2340 1602 2423 cujusdam
1621 2339 1807 2403 nobis
1824 2340 2084 2423 penitus
2101 2340 2306 2424 ignoti
2327 2361 2466 2423 sus-—

554 2441 861 2524 cepimus,
905 2441 1136 2524 quibus
1180 2442 1420 2524 legatio
1461 2443 1533 2505 in
1577 2448 1784 2505 totam
1829 2442 2155 2524 Angliam‚
2198 2448 2463 2524 excepto

549 2543 942 2608 Eboracensi
991 2544 1382 2627 episcopatu,
1430 2544 1693 2608 domino
1739 2544 2191 2608 Cantuariensi
2235 2565 2459 2609 conce-

556 2645 752 2724 ditur,
771 2654 837 2710 et
869 2647 1217 2729 apostolica
1247 2649 1629 2716 auctoritate
1654 2650 2091 2713 confirmatur.
2140 2647 2461 2712 Omnibus

553 2751 751 2814 etiam
798 2751 986 2815 nobis
1015 2752 1216 2834 ipsius
1251 2752 1438 2835 regni
1467 2752 1777 2836 episcopis
1819 2751 2042 2815 eadem
2083 2750 2462 2815 auctoritate

552 2852 941 2936 injungitur,
1003 2862 1322 2936 quatenus
1382 2855 1461 2931 ei,
1516 2861 1829 2937 tanquam
1867 2853 2243 2937 ‹apostolicae
2295 2852 2462 2917 sedis

552 2954 787 3036 legat0,
831 2956 1165 3020 humiliter
1204 2955 1598 3033 obediamUS,
1642 2964 1707 3020 et
1750 2957 1831 3019 ad
1879 2957 2017 3040 ejus
2061 2955 2460 3019 vocationem

556 3061 797 3145 absque
827 3061 1337 3125 contradictione
1368 3062 1844 3139 conveniamuS,
1870 3070 1936 3125 et
1967 3083 2158 3144 super
2185 3061 2287 3123 his
2318 3081 2463 3146 quae

552 3164 634 3226 ad
685 3173 982 3228 nostrum
1036 3172 1330 3247 spectant
1379 3165 1683 3242 officium,
1734 3165 1794 3228 ei
1846 3165 2034 3248 plene
2077 3164 2459 3248 respondea-

552 3288 719 3344 muS,
753 3275 818 3329 et
862 3288 1006 3349 quae
1045 3267 1366 3345 statuerit,
1405 3268 1680 3333 firmiter
1724 3267 2119 3332 observanda
2158 3269 2459 3350 suscipia-

550 3389 716 3431 mus.
807 3367 1135 3452 Adjicitur
1163 3368 1380 3444 etiam,
1411 3374 1487 3431 ut
1518 3388 1763 3445 omnes,
1795 3369 1907 3450 qui
1934 3368 2246 3432 beneficia
2274 3369 2458 3432 cleri-

550 3490 774 3533 corum
833 3468 1289 3551 archiepiscopi
1360 3468 1430 3531 in
1500 3487 1720 3532 eorum
1790 3468 2083 3533 absentia
2153 3470 2461 3534 mandato

550 3580 764 3637 vestro
821 3579 1267 3655 perceperunt,
1330 3571 1413 3634 ad
1469 3571 1727 3653 plenam
1789 3591 2012 3635 eorum
2069 3571 2241 3636 infra
2298 3572 2459 3635 duos

550 3696 803 3738 menses
862 3673 1338 3738 restitutionem
1398 3673 1829 3737 anathematis
1881 3675 2222 3754 sententia,
2278 3676 2460 3739 omni

552 3778 979 3862 appellatione
1008 3785 1273 3855 remota,
1306 3777 1780 3859 compellamus.
1873 3779 2229 3843 Denarium
2261 3783 2457 3846 etiam

556 3880 730 3944 beati
761 3880 941 3945 Petri
971 3902 1009 3942 a
1037 3879 1346 3942 fratribus
1378 3886 1444 3943 et
1475 3880 1861 3963 coepiscopis
1902 3883 2137 3945 nostris
2172 3885 2457 3969 praecipi-

552 4006 700 4050 mur
751 3983 1024 4067 exigere,
1074 3990 1140 4046 et
1199 3983 1458 4046 nunciis
1511 3983 1850 4047 destinatis
1902 3985 1984 4047 ad
2035 4006 2153 4048 nos
2203 3985 2457 4070 integre

550 4090 950 4172 consignare.
1043 4089 1297 4152 Literas
1342 4088 1539 4152 etiam
1583 4087 1924 4171 legationis
1957 4090 2096 4172 jam
2136 4090 2341 4170 dictae,
2391 4100 2458 4156 et

555 4192 774 4256 literas
804 4191 1278 4274 archiepiscopi,
1314 4212 1470 4274 quas
1517 4191 1600 4253 ad
1640 4192 1856 4274 plures
1896 4194 2280 4257 transmittit
2326 4196 2458 4279 epi-

559 4314 800 4375 scopos,
861 4295 1013 4377 ipsis
1074 4302 1187 4357 aut
1246 4294 1505 4356 mittere
1566 4300 1679 4355 aut
1738 4300 2122 4376 praesentare
2172 4296 2458 4379 praecipi-

559 4417 726 4475 mur,
757 4397 811 4458 si
840 4397 909 4459 in
938 4398 1141 4460 nostri
1171 4404 1377 4461 status
1408 4405 1474 4460 et
1505 4397 1747 4461 ordinis
1787 4397 2159 4480 integritate
2189 4399 2459 4463 ulterius

558 4502 958 4586 perseverare
996 4524 1313 4591 curamus.
1404 4503 1507 4565 Ad
1554 4501 1746 4584 pedes
1792 4500 2010 4584 itaque
2047 4502 2458 4569 sublimitatis
