3200 5392
787 772 874 834 28
1413 790 1730 834 sunnam
1766 789 2073 833 nrlscorr

787 905 1027 970 scilicet
1071 927 1354 971 amorem
1385 907 1621 991 sponsi,
1655 927 1781 990 quo
1813 928 1960 970 suos
1989 907 2295 991 proficere
2325 908 2686 992 compellat.

785 1009 1033 1073 Datum
1080 1015 1147 1073 et
1192 1009 1537 1093 flagellum,
1585 1030 1712 1093 quo
1762 1017 1937 1074 retro
1988 1010 2325 1093 percutiat,
2375 1011 2526 1093 quia
2572 1033 2689 1096 pro

786 1112 1166 1195 perpetratis
1237 1111 1689 1195 iniquitatibus
1764 1113 2127 1176 anxiantur.
2250 1112 2689 1195 Multiplicata

786 1220 852 1279 et
897 1213 1097 1278 dilata
1140 1221 1362 1278 sancta
1405 1215 1672 1278 ecclesia
1715 1214 1986 1298 apostoli
2029 1222 2287 1297 peracto
2335 1236 2540 1298 agone
2589 1215 2687 1278 sui

785 1317 1152 1382 certaminis
1201 1316 1280 1381 de
1326 1317 1459 1380 vita
1505 1316 1905 1381 discedentes
1952 1339 2095 1381 eam
2146 1317 2536 1402 martyribus
2587 1339 2685 1380 re-

786 1421 1062 1504 gendam
1122 1421 1558 1485 committunt.
1669 1421 1776 1485 Illi
1835 1426 2052 1485 autem
2113 1442 2230 1504 pro
2289 1443 2365 1485 ea
2421 1422 2689 1485 viriliter

783 1523 1186 1589 decertantes
1216 1529 1282 1587 et
1309 1523 1379 1587 in
1409 1523 1779 1588 defensione
1820 1525 1959 1608 ejus
1998 1524 2379 1607 sanguinem
2409 1524 2681 1588 funden-

783 1632 902 1708 tes,
950 1625 1194 1705 dicunt,
1243 1631 1263 1661 ‘
1282 1627 1573 1709 Apostoli
1624 1626 1951 1690 dominam
1998 1636 2282 1691 nostram
2333 1627 2509 1691 mulo
2553 1649 2686 1691 uno

785 1730 1100 1794 donantes
1129 1752 1384 1813 aequum
1416 1736 1533 1809 est,
1559 1736 1626 1793 et
1655 1751 1774 1794 nos
1802 1730 1875 1793 in
1904 1737 2205 1795 ornatum
2235 1731 2374 1815 ejus
2405 1738 2470 1796 et
2501 1731 2684 1795 deco-

782 1853 921 1899 rem
954 1833 1195 1916 aliquid
1225 1832 1532 1912 conferre,
1564 1839 1630 1896 et
1661 1833 1812 1916 quia
1837 1834 1974 1917 jam
2003 1840 2159 1898 aetas
2186 1834 2477 1913 incaluit,
2510 1856 2686 1918 gros-

783 1934 1055 1999 sioribus
1085 1935 1481 2000 indumentis
1509 1957 1645 2001 non
1674 1944 1773 2000 est
1802 1936 2148 2016 oneranda,
2174 1959 2414 2002 novum
2445 1938 2685 2023 aliquid

782 2037 1053 2103 facimus
1097 2039 1154 2102 ei
1201 2039 1523 2119 decorum,
1569 2046 1636 2104 et
1682 2040 1917 2105 subtile
1945 2041 2192 2106 varium
2223 2042 2463 2106 scilicet
2501 2064 2683 2106 man-

783 2144 1013 2208 tellum
1072 2143 1270 2209 rubea
1325 2166 1612 2228 purpura
1671 2145 2087 2227 coopertum.’
2177 2145 2448 2208 Varium
2508 2144 2685 2208 istud

783 2247 1164 2311 mantellum
1209 2253 1362 2310 sunt
1405 2253 1721 2330 martyres
1764 2248 1991 2326 sancti,
2037 2268 2114 2310 ex
2158 2254 2341 2329 parte
2384 2247 2681 2328 virgines,

783 2348 952 2432 quod
983 2349 1301 2430 significat
1330 2348 1549 2412 album
1580 2348 1757 2425 varii,
1792 2369 1869 2412 ex
1902 2355 2080 2431 parte
2109 2347 2285 2411 vidui
2323 2349 2422 2411 vel
2461 2350 2681 2434 conju-

784 2451 939 2535 gati,
988 2451 1098 2534 qui
1157 2451 1604 2534 significantur
1661 2451 1874 2515 medio
1926 2451 2134 2516 colore
2184 2452 2359 2530 varii,
2407 2451 2681 2516 rubeum

783 2554 1185 2638 supponitur,
1219 2555 1369 2637 quia
1410 2576 1526 2637 pro
1567 2554 1825 2619 Christo
1868 2554 2192 2634 trucidati,
2226 2556 2540 2639 sanguine
2585 2579 2681 2621 as-

780 2663 1163 2742 perguntur.
1253 2657 1340 2720 Et
1379 2657 1448 2720 hi
1486 2658 1620 2721 suis
1657 2658 2054 2741 temporibus
2082 2666 2388 2723 rexerunt
2417 2659 2683 2724 viriliter

780 2762 1133 2840 ecclesiam,
1192 2768 1639 2844 provexerunt,
1700 2769 1766 2825 et
1824 2762 2429 2846 multiplicaverunt.
2521 2764 2681 2830 Qui-

780 2864 903 2929 bus
955 2863 1452 2943 discedentibus,
1502 2870 1945 2928 successerunt
1996 2864 2203 2928 sancti
2254 2864 2563 2944 doctoreS,
2614 2874 2680 2930 et

779 2968 1106 3051 magnifici
1148 2964 1569 3046 confessores,
1617 2967 2017 3046 AmbrosiuS,
2067 2967 2374 3046 Hilarius,
2422 2968 2679 3051 Augus-

778 3070 976 3149 tinus,
1037 3077 1104 3135 et
1177 3071 1432 3134 similes.
1525 3070 1772 3134 Videns
1832 3077 2049 3135 autem
2110 3069 2400 3134 diabolus
2459 3078 2682 3154 aperto

775 3173 948 3240 ‚bello
977 3174 1148 3258 quod
1188 3181 1413 3238 contra
1453 3173 1785 3238 ecclesiam
1822 3180 2112 3257 tempore
2152 3174 2584 3257 apostolorum
2614 3181 2680 3238 et

776 3281 1138 3359 martyrum
1184 3282 1486 3358 gesserat,
1518 3297 1586 3340 se
1629 3276 1796 3339 nihil
1837 3276 2196 3358 profecisse,
2235 3276 2347 3340 sed
2383 3277 2520 3359 jam
2565 3278 2678 3340 tri-

776 3377 1216 3443 bulationibus
1252 3379 1459 3461 magis
1498 3378 1768 3441 crevisse
1808 3384 1875 3440 et
1913 3377 2272 3460 profecisse,
2304 3376 2387 3441 ad
2415 3377 2678 3442 fraudu-

776 3483 987 3546 lentas
1028 3489 1093 3545 et
1134 3481 1415 3544 occultas
1454 3480 1981 3564 persequutiones
2012 3481 2424 3560 convertitur,
2458 3481 2570 3545 sed
2602 3489 2680 3545 ut

777 3584 1024 3668 aliquos
1068 3604 1147 3647 ex
1189 3581 1492 3646 membris
1523 3583 1662 3666 ejus
1692 3583 1973 3663 seducat,
2004 3605 2120 3668 per
2149 3604 2306 3668 quos
2345 3585 2677 3667 negotium

778 3709 911 3751 suae
938 3686 1202 3751 malitiae
1231 3693 1418 3751 tanto
1447 3686 1764 3751 efficacius
1788 3693 2032 3769 quanto
2062 3688 2376 3752 occultius
2406 3688 2675 3771 peragit.

777 3790 1099 3856 Instruxit
1141 3790 1357 3874 itaque
1401 3790 1531 3853 suis
1576 3789 1821 3854 artibus
1852 3791 2137 3870 Arrium,
2169 3791 2525 3874 Pelagium,
2557 3793 2678 3855 Fo-

776 3894 1012 3973 tinum,
1043 3899 1110 3957 et
1152 3893 1253 3956 his
1297 3893 1553 3972 similes,
1586 3894 1697 3978 qui
1724 3894 2053 3959 ministros
2085 3893 2325 3958 Christi
2369 3914 2437 3957 se
2480 3894 2677 3958 simu-

776 3997 1005 4075 lantes,
1038 4017 1335 4081 sponsam
1365 3997 1502 4080 ejus
1530 3998 1724 4081 longe
1753 3998 1825 4061 in
1856 3998 2112 4061 devium
2144 3997 2409 4060 ducunt.
2487 3997 2678 4063 Quod

768 4100 1199 4193 percipientes
1244 4101 1452 4164 sancti
1495 4101 1786 4165 doctores
1830 4106 2197 4179 occurrunt,
2231 4100 2678 4184 disputationi-

775 4204 899 4269 bus
972 4204 1346 4287 confligunt,
1407 4204 1748 4268 confutant
1820 4202 2154 4282 hereticos,
2216 4211 2282 4267 et
2350 4203 2678 4268 dominam

776 4329 961 4372 suam
991 4307 1072 4371 ad
1100 4307 1269 4371 viam
1298 4306 1583 4371 veritatis
1612 4306 1952 4370 reducunt.
2044 4306 2168 4370 Cui
2195 4307 2497 4386 reductae,
2530 4306 2679 4391 quia

778 4410 930 4474 dum
960 4431 1074 4493 per
1104 4410 1357 4474 deserta
1388 4409 1555 4472 Arrii
1600 4415 1668 4473 et
1709 4408 1890 4473 devia
1920 4409 2166 4493 Pelagii
2198 4410 2508 4494 graditur,
2542 4431 2675 4473 ves-
