3200 5392
588 857 725 902 Aa).
764 837 1156 920 1161-89,]
1256 855 1587 899 EPIs'roLAE
1621 855 1937 906 QUAEDAM.
2366 840 2493 902 253

576 970 721 1039 ‚duo
752 973 794 1034 J
798 993 1038 1036 oannes
1069 977 1136 1035 et
1166 970 1570 1054 Radulphus.
1662 971 1908 1035 Dicunt
1951 991 2221 1056 quoque,
2255 971 2422 1035 sicut
2458 996 2496 1036 a

593 1073 835 1137 decano
857 1072 1030 1136 beati
1061 1071 1379 1149 Mauritii,
1414 1071 1523 1154 qui
1558 1071 1836 1135 fideliter
1865 1071 1945 1135 ab
1977 1071 2067 1135 eis
2107 1072 2244 1135 haec
2280 1073 2499 1137 omnia

592 1175 961 1259 exploravit,
997 1174 1229 1257 accepi,
1277 1172 1448 1256 quod
1491 1194 1714 1236 omnes
1734 1261 1738 1265 ο
1757 1173 1991 1252 literaS,
2035 1196 2190 1256 quas
2236 1174 2497 1238 domino

592 1300 774 1361 papae
820 1285 1044 1341 contra
1087 1298 1306 1360 regem
1352 1276 1691 1354 direxistiS,
1737 1277 1837 1339 vel
1882 1276 1990 1339 alii
2034 1299 2148 1359 pro
2191 1277 2387 1355 vobis,
2430 1284 2496 1340 et

591 1380 933 1463 petitiones
964 1387 1206 1444 vestras
1238 1399 1459 1442 omnes
1498 1378 1636 1465 regi
1674 1386 2034 1461 apportant.
2125 1380 2311 1443 Inter
2341 1402 2497 1462 quas

530 1567 533 1570 ἡ
593 1482 873 1546 multum
905 1482 1223 1545 mirantur
1259 1502 1326 1544 se
1363 1481 1683 1544 invenisse
1718 1481 1937 1544 literas
1982 1481 2224 1544 domini
2254 1481 2496 1544 Bituri-

595 1585 821 1662 censis,
870 1585 950 1648 de
996 1606 1123 1668 quo
1165 1606 1278 1648 rex
1322 1584 1485 1647 nihil
1529 1584 1660 1647 tale
1703 1583 2165 1666 suspicabatur.
2260 1583 2387 1647 Sed
2433 1591 2499 1647 et

596 1686 993 1769 quorundam
1032 1687 1471 1769 episcoporum
1511 1687 1730 1749 literas
1762 1686 1841 1748 de
1875 1693 2046 1749 terra
2078 1687 2267 1769 regis»,
2300 1687 2499 1750 imm'o

595 1789 790 1853 etiam
831 1788 1236 1877 quorundam
1278 1789 1357 1851 de
1404 1789 1593 1852 domo
1637 1788 1828 1871 regis,
1860 1796 2085 1852 contra
2128 1790 2338 1872 ipsum
2383 1799 2500 1872 pro

593 1891 771 1954 vobis
824 1891 1262 1969 scribentium,
1320 1890 1556 1967 dicunt,
1598 1913 1667 1954 se
1725 1891 1979 1955 habere.
2087 1892 2332 1955 Verum
2390 1892 2500 1975 qui

597 2000 831 2070 essent,
863 1993 965 2055 vel
994 1992 1290 2074 episcopi,
1320 1993 1421 2055 vel
1464 1993 1560 2055 illi
1590 1993 1671 2055 de
1702 1993 1892 2055 domo
1929 1994 2118 2073 regiS,
2151 1995 2501 2057 noluerunt

597 2093 811 2176 aliqua
867 2094 1116 2157 ratione
1175 2094 1473 2171 revelare,
1534 2094 1662 2157 nisi
1718 2095 1841 2177 ipsi
1898 2096 2055 2177 regi.
2147 2096 2189 2157 J
2192 2095 2500 2158 actitabat

596 2204 814 2260 autem
884 2196 926 2257 J
929 2217 1170 2259 oannes
1235 2196 1474 2259 Cumin
1541 2218 1610 2259 se
1679 2196 1940 2260 domino
2016 2218 2197 2279 papae
2262 2197 2499 2280 impro-

596 2320 868 2382 perasse,
903 2299 1076 2383 quod
1106 2299 1165 2362 ei
1202 2299 1421 2362 literas
1461 2307 1689 2363 contra
1726 2321 1944 2383 regem
1973 2300 2323 2362 misissetis.
2414 2301 2501 2363 Et

596 2424 681 2466 ne
731 2401 853 2466 hoc
901 2409 1116 2484 posset
1175 2400 1466 2480 inficiari,
1518 2401 1904 2485 principium
1959 2402 2294 2466 literarum
2342 2402 2502 2466 dixit

594 2506 724 2571 tale
776 2526 952 2569 esse:
1024 2504 1196 2568 Satis
1248 2526 1583 2588 superque,
1638 2505 1896 2568 domine
1945 2506 2311 2584 reverende,
2366 2528 2501 2569 sus-

594 2608 780 2672 tinui.
878 2609 1168 2691 Sequens
1212 2608 1496 2691 ipsarum
1542 2608 1945 2672 continentia
1987 2615 2144 2685 erat,
2188 2608 2360 2692 quod
2392 2630 2502 2673 vos

595 2711 664 2774 in
693 2733 1031 2794 personam
1067 2710 1236 2792 regis
1278 2710 1668 2775 sententiam
1704 2711 1974 2775 ferretis.
2066 2711 2319 2774 Literas
2352 2733 2503 2775 vero

597 2814 753 2877 istas
802 2814 962 2877 dixit
1010 2835 1077 2876 se
1114 2812 1401 2877 Viterbis
1448 2813 1818 2897 adquisisse,
1868 2815 1978 2878 ubi
2023 2815 2287 2898 quidam
2334 2837 2500 2879 nun-

599 2915 733 2978 cius
777 2922 985 2978 vester
1029 2935 1135 2977 eas
1186 2913 1478 2977 deferens
1523 2914 1762 2978 dicitur
1804 2915 1998 2979 fuisse
2044 2917 2499 2999 deprehensus.

597 3018 691 3080 At
725 3016 1125 3080 verisimilius
1171 3022 1286 3094 est,
1334 3016 1506 3099 quod
1549 3038 1655 3080 eas
1698 3018 1770 3080 in
1816 3018 2210 3082 Cancellaria
2251 3019 2501 3083 habuit.

599 3118 707 3181 Ab
753 3119 905 3201 ipsis
946 3120 988 3181 J
991 3139 1200 3181 oanne
1248 3126 1315 3181 et
1361 3119 1703 3202 Radulpho
1752 3120 1965 3199 didici,
2018 3122 2188 3204 quod
2237 3123 2343 3185 alii
2396 3145 2502 3186 ex-

598 3219 1056 3283 communicati
1097 3218 1289 3281 vestri
1332 3219 1509 3281 missi
1550 3228 1703 3284 sunt
1744 3222 1826 3284 ad
1866 3223 2322 3286 absolvendum
2365 3225 2502 3306 qui-

598 3322 872 3387 busdam
916 3321 989 3384 in
1032 3320 1324 3404 partibus
1368 3322 1615 3399 vestriS,
1663 3322 1774 3386 sed
1821 3325 1930 3406 qui
1974 3324 2066 3386 illi
2111 3333 2344 3401 essent,
2391 3348 2506 3408 per

596 3426 741 3489 illos
773 3424 933 3488 scire
965 3445 1100 3486 non
1129 3423 1331 3506 potui.
1410 3423 1714 3487 Creditur
1745 3431 1981 3503 autem,
2016 3426 2187 3508 quod
2218 3426 2260 3487 J
2263 3448 2504 3490 oannes

597 3529 679 3592 de
710 3525 1077 3592 Oxeneford
1119 3526 1191 3589 in
1220 3525 1526 3609 Angliam
1571 3528 1893 3610 profectus
1938 3529 2038 3612 sit,
2077 3536 2154 3593 ut
2198 3536 2394 3592 testes
2439 3537 2505 3593 et

599 3636 997 3695 accusatores
1068 3635 1294 3692 contra
1356 3649 1465 3692 vos
1534 3651 1684 3693 cum
1759 3631 2023 3694 consilio
2092 3652 2332 3709 eorum,
2395 3633 2505 3714 qui

598 3734 978 3817 sanguinem
1040 3739 1323 3796 vestrum
1383 3731 1633 3811 sitiunt,
1695 3739 2028 3816 praeparet,
2079 3741 2144 3797 et
2201 3735 2502 3812 instruat,

600 3842 665 3899 et
710 3836 1005 3899 adducat.
1095 3834 1391 3899 Quorum
1436 3834 2021 3899 machinationibus
2071 3836 2248 3899 duris
2296 3843 2362 3901 et
2410 3837 2504 3900 di-

601 3937 708 4012 ris,
741 3937 897 3999 dum
936 3942 1192 4019 tempus
1238 3937 1511 4015 habetis,
1549 3937 1831 4016 consu10,
1864 3959 2270 4025 quocumque
2314 3939 2504 4003 modo

600 4038 889 4122 potestis,
935 4039 1300 4102 occurratis.
1391 4040 1642 4122 Magna
1690 4039 1863 4104 enim
1908 4047 1975 4104 et
2024 4041 2233 4105 multa
2277 4041 2347 4104 in
2395 4061 2504 4105 vos

602 4140 811 4224 parati
877 4145 1031 4202 sunt
1096 4146 1387 4204 tentare:
1463 4142 1903 4206 innocentiam
1969 4150 2246 4207 vestram
2316 4164 2506 4225 super

605 4240 980 4307 criminibus
1031 4242 1329 4324 gravibus
1382 4263 1697 4308 accusare.
1786 4245 2035 4308 Verum
2092 4245 2201 4307 ille
2259 4245 2504 4307 nullam

605 4344 1106 4410 consolationem
1141 4344 1400 4427 recepit,
1430 4366 1552 4409 nec
1581 4346 1859 4431 aliquam
1900 4346 2203 4409 fiduciam
2242 4346 2321 4410 de
2360 4368 2503 4430 pro-

602 4445 1013 4511 missionibus
1051 4445 1221 4527 regis
1260 4447 1556 4530 concipit.
1647 4449 1922 4513 Medicis
1959 4454 2175 4513 autem
2218 4471 2504 4533 quaeren-
