3200 5392
583 888 725 935 Aa).
759 869 1154 953 nol—893
1309 904 1313 908 ·
1339 886 1696 940 armona.
1969 927 1976 932 .
2357 859 2489 934 311

581 1012 750 1074 esset
794 1027 973 1077 nune
1014 1007 1073 1075 si
1123 1003 1572 1090 opportunitas
1615 1002 1931 1073 divinitus
1978 1000 2333 1087 aperiretur
2373 1002 2492 1070 ob,

581 1110 876 1195 sequium
924 1108 1102 1176 vobis
1151 1107 1523 1192 rependere,
1574 1128 1770 1189 quam
1807 1104 2005 1174 fuerit
2042 1111 2204 1175 tunc
2246 1105 2411 1174 illud
2449 1126 2494 1174 a

577 1214 804 1280 vestris
872 1211 1396 1297 progenitoribus
1469 1209 1806 1293 accepisse.
1913 1207 2275 1294 Magnique
2345 1230 2489 1276 mu.-

577 1315 752 1384 neris
792 1315 999 1384 instar
1037 1315 1160 1380 erit
1205 1314 1261 1382 si
1305 1313 1713 1382 decreveritis
1746 1312 2082 1395 imperare,
2115 1311 2286 1395 quod
2328 1311 2491 1376 desi.-

581 1418 758 1483 derio
797 1424 1019 1484 nostro
1057 1423 1392 1501 praestaret
1429 1415 1771 1484 materiam
1816 1414 2228 1499 obsequendi.
2307 1414 2491 1482 Licet

576 1522 754 1585 enim
805 1543 923 1586 nos
968 1521 1495 1604 interjacentium
1547 1526 1867 1584 terrarum
1919 1517 2126 1601 spatia
2170 1523 2488 1601 separent,

577 1635 643 1693 et
702 1627 1157 1713 obsequiorum
1206 1625 1679 1692 vicissitudines
1729 1624 2190 1703 intercludant,
2241 1624 2490 1688 ferven-

575 1728 893 1797 tissimam
943 1736 1165 1802 tamen
1214 1748 1257 1794 a
1303 1733 1563 1810 pectore
1614 1732 1839 1796 nostro
1888 1732 2228 1811 nequeunt
2271 1727 2487 1800 exclu-

576 1830 730 1895 dere
787 1831 1142 1909 caritatem,
1205 1830 1364 1913 quin
1422 1828 1739 1913 prosperis
1798 1830 2027 1895 vestris
2086 1830 2489 1914 congaudea-

576 1955 724 1997 mus
765 1939 845 1997 ut
887 1932 1161 1996 nostris:
1209 1937 1275 1995 et
1309 1931 1573 1995 adversa
1619 1931 1869 2014 quoties
1912 1931 2283 2012 audiuntur,
2323 1933 2487 2000 fera-

577 2058 723 2099 mus
751 2042 829 2099 ut
858 2041 1098 2098 nostra.
1190 2033 1469 2098 Proinde
1510 2034 1682 2117 quod
1721 2033 1954 2098 honori
1991 2040 2205 2098 vestro
2245 2042 2312 2099 et
2352 2035 2487 2119 glo-

577 2138 692 2203 riae
742 2138 1061 2202 credimus
1117 2137 1444 2215 inservire,
1498 2156 1719 2199 secure
1775 2136 2057 2219 petimus
2115 2142 2184 2201 et
2242 2138 2489 2201 sincera

580 2241 973 2305 consulimus
1023 2238 1289 2304 caritate
1349 2240 1515 2303 sicut
1571 2259 1791 2322 preces
1848 2244 2093 2303 vestras
2144 2238 2485 2303 admittere

577 2344 860 2429 prompti
903 2364 1126 2408 sumus
1170 2349 1237 2407 et
1281 2343 1577 2407 similiter
1620 2342 1987 2426 expedienti
2030 2343 2295 2407 consilio
2334 2342 2483 2408 obe-

581 2448 736 2516 dire.
824 2446 1081 2513 Nobilis
1108 2447 1204 2511 vir
1237 2447 1604 2531 Stephanus
1636 2468 1830 2531 quem
1855 2446 2308 2514 familiaritatis
2344 2468 2482 2512 ves-

577 2557 697 2616 trae
737 2551 982 2616 honore
1026 2550 1439 2629 sublimastis,
1486 2572 1634 2615 caro
1681 2556 1748 2615 et
1794 2550 2056 2633 sanguis
2099 2556 2320 2616 noster
2362 2556 2482 2630 est,

579 2661 646 2720 et
683 2654 1065 2719 clarissimos
1104 2675 1397 2738 proceres
1435 2653 1622 2737 regni
1660 2654 2058 2720 Francorum
2097 2654 2486 2736 cognomine

577 2758 678 2822 vel
709 2757 1020 2822 affinitate
1061 2758 1404 2841 contingit.
1494 2756 1794 2823 Qualiter
1828 2762 2047 2822 autem
2087 2756 2171 2822 ad
2208 2757 2483 2840 ignomi-

577 2859 756 2924 niam
801 2860 1053 2942 generis
1097 2866 1162 2924 et
1209 2860 1420 2943 gentis
1464 2879 1598 2924 suae
1642 2859 1926 2943 dejectus
1971 2860 2058 2924 sit
2105 2866 2172 2924 et
2218 2861 2481 2943 ejectus,

577 2961 922 3046 prudentia
965 2967 1178 3026 vestra
1227 2969 1415 3026 tanto
1463 2962 1698 3027 certius
1748 2963 1994 3041 recolit,
2046 2971 2289 3045 quanto
2340 2985 2485 3046 quae

578 3063 745 3128 circa
794 3085 943 3128 eum
997 3071 1181 3146 gesta
1229 3071 1404 3143 sunt,
1456 3064 1904 3130 insidiantium
1954 3064 2201 3144 fraude,
2250 3066 2484 3129 clarius

575 3187 692 3248 per
740 3167 1147 3249 praesentiam
1196 3166 1535 3230 intellexit.
1628 3168 1957 3249 Rogamus
2011 3188 2165 3250 ergo
2215 3168 2481 3232 affectu-

575 3269 747 3332 osius
778 3268 1183 3333 nobilitatem
1210 3274 1510 3347 vestram‚
1539 3276 1618 3333 ut
1658 3290 1803 3333 eam
1843 3271 1925 3333 ad
1964 3270 2234 3353 gloriam
2271 3272 2480 3335 nomi-

575 3370 678 3434 nis
715 3371 912 3435 vestri
955 3376 1023 3434 et
1064 3371 1251 3453 regni
1289 3372 1687 3436 Francorum
1716 3372 2218 3437 consolationem
2248 3373 2483 3438 curetis
2561 3378 2565 3384 ’

575 3474 894 3538 maturius
938 3494 1253 3552 revocare,
1300 3494 1577 3556 eumque
1624 3473 1981 3538 restituatis
2031 3475 2106 3539 in
2151 3473 2480 3558 integrum

575 3577 831 3657 amoris,
890 3575 1361 3655 familiaritatis,
1426 3576 1689 3642 honoris
1761 3583 1829 3641 et
1901 3577 2257 3660 dignitatis.
2377 3578 2481 3642 Ob

573 3681 744 3747 hanc
814 3703 1075 3747 causam
1134 3688 1202 3746 et
1261 3681 1417 3746 alias
1476 3702 1636 3764 quas
1693 3682 1931 3766 scripto
1988 3703 2125 3746 non
2179 3682 2482 3745 duximus

576 3784 1090 3863 committendas,
1128 3784 1401 3848 latorem
1439 3783 1855 3867 praesentium
1895 3783 2338 3849 Theobaldum
2378 3806 2481 3848 ve-

575 3888 928 3952 nerabilem
975 3885 1431 3971 crispiacensis
1484 3886 1766 3952 ecclesiae
1813 3886 2093 3969 priorem
2144 3887 2227 3951 ad
2278 3888 2483 3953 excel-

577 3989 844 4055 lentiam
881 3995 1158 4053 vestram
1196 3990 1580 4055 fiducialiter
1620 3989 2082 4055 destinavimus
2120 3990 2225 4054 cui
2266 3991 2338 4053 in
2380 3990 2482 4055 his

578 4113 720 4174 quae
757 4090 936 4156 vobis
980 4111 1059 4154 ex
1101 4097 1284 4173 parte
1327 4098 1548 4155 nostra
1591 4091 1820 4156 dixerit
1862 4092 2039 4157 credi
2080 4085 2482 4176 postulamus

577 4201 656 4264 ut
712 4193 919 4258 nobis.
1037 4193 1157 4256 Est
1215 4192 1392 4258 enim
1449 4195 1547 4257 vir
1602 4194 1731 4259 fide
1788 4195 2040 4278 plenus,
2099 4195 2483 4260 reverendus

578 4296 769 4362 titulo
827 4294 1208 4374 sanctitatis,
1277 4295 1614 4361 literarum
1686 4297 2047 4361 eruditione
2119 4297 2481 4380 praeclarus,

579 4398 765 4464 nobis
813 4398 1157 4463 admodum
1207 4398 1536 4463 familiaris
1582 4420 1768 4464 carus
1820 4405 1887 4464 et
1938 4406 2237 4483 acceptus
2281 4420 2484 4484 regno

581 4503 995 4569 Francorum.
1116 4501 1425 4566 Procurat
1495 4508 1715 4568 autem
1781 4502 2193 4567 necessitates
2252 4501 2485 4568 nobilis
