<?xml version="1.0" encoding="UTF-8"?>
<!DOCTYPE html PUBLIC "-//W3C//DTD XHTML 1.0 Transitional//EN"
    "http://www.w3.org/TR/xhtml1/DTD/xhtml1-transitional.dtd">
<html xmlns="http://www.w3.org/1999/xhtml" xml:lang="en" lang="en">
 <head>
  <title>
</title>
<meta http-equiv="Content-Type" content="text/html;charset=utf-8" />
  <meta name='ocr-system' content='tesseract 3.04.00' />
  <meta name='ocr-capabilities' content='ocr_page ocr_carea ocr_par ocr_line ocrx_word'/>
</head>
<body>
  <div class='ocr_page' id='page_1' title='image "./gilbertiexabbat01gilegoog_0014.png"; bbox 0 0 3200 5392; ppageno 0'>
   <div class='ocr_carea' id='block_1_1' title="bbox 780 664 2397 711">
    <p class='ocr_par' dir='ltr' id='par_1_1' title="bbox 780 664 2397 711">
     <span class='ocr_line' id='line_1_1' title="bbox 780 664 2397 711; baseline -0.001 0"><span class='ocrx_word' id='word_1_1' title='bbox 780 667 821 711; x_wconf 74' lang='grc' dir='ltr'><strong>Χ</strong></span> <span class='ocrx_word' id='word_1_2' title='bbox 1073 665 1337 711; x_wconf 67' lang='lat' dir='ltr'>TABULA</span> <span class='ocrx_word' id='word_1_3' title='bbox 1375 664 1851 709; x_wconf 66' lang='lat' dir='ltr'>EPISTOLARUM</span> <span class='ocrx_word' id='word_1_4' title='bbox 1885 665 2053 709; x_wconf 60' lang='lat' dir='ltr'>&#39;1⁸02ss</span> <span class='ocrx_word' id='word_1_5' title='bbox 2089 666 2397 711; x_wconf 69' lang='lat' dir='ltr'>sncUNm.</span> 
     </span>
    </p>
   </div>
   <div class='ocr_carea' id='block_1_2' title="bbox 771 778 2132 4015">
    <p class='ocr_par' dir='ltr' id='par_1_2' title="bbox 778 778 2124 936">
     <span class='ocr_line' id='line_1_2' title="bbox 778 778 2120 849; baseline 0.001 -17"><span class='ocrx_word' id='word_1_6' title='bbox 778 783 899 832; x_wconf 89' lang='grc'><strong>425.</strong></span> <span class='ocrx_word' id='word_1_7' title='bbox 939 778 1197 849; x_wconf 85' lang='lat' dir='ltr'>Ejusdem</span> <span class='ocrx_word' id='word_1_8' title='bbox 1243 778 1313 832; x_wconf 85' lang='lat' dir='ltr'>ad</span> <span class='ocrx_word' id='word_1_9' title='bbox 1363 778 1659 849; x_wconf 81' lang='lat' dir='ltr'>Hugonem</span> <span class='ocrx_word' id='word_1_10' title='bbox 1707 778 2120 834; x_wconf 83' lang='lat' dir='ltr'>Dunelmensem</span> 
     </span>
     <span class='ocr_line' id='line_1_3' title="bbox 989 866 2124 936; baseline 0.002 -18"><span class='ocrx_word' id='word_1_11' title='bbox 989 866 1297 936; x_wconf 86' lang='lat' dir='ltr'>episcopum</span> <span class='ocrx_word' id='word_1_12' title='bbox 1320 874 1376 919; x_wconf 88' lang='lat' dir='ltr'>et</span> <span class='ocrx_word' id='word_1_13' title='bbox 1398 866 1532 919; x_wconf 86' lang='lat' dir='ltr'>alios</span> <span class='ocrx_word' id='word_1_14' title='bbox 1612 894 1636 906; x_wconf 89' lang='lat'>-</span> <span class='ocrx_word' id='word_1_15' title='bbox 1939 895 1962 905; x_wconf 95' lang='lat'>-</span> <span class='ocrx_word' id='word_1_16' title='bbox 2102 893 2124 904; x_wconf 92' lang='lat'><strong>·</strong></span> 
     </span>
    </p>

    <p class='ocr_par' dir='ltr' id='par_1_3' title="bbox 771 950 2120 1022">
     <span class='ocr_line' id='line_1_4' title="bbox 771 950 2120 1022; baseline 0.001 -19"><span class='ocrx_word' id='word_1_17' title='bbox 771 954 895 1004; x_wconf 83' lang='lat'>426.</span> <span class='ocrx_word' id='word_1_18' title='bbox 930 950 1330 1022; x_wconf 86' lang='lat' dir='ltr'>Archiepiscopi</span> <span class='ocrx_word' id='word_1_19' title='bbox 1356 950 1634 1004; x_wconf 80' lang='lat' dir='ltr'>Remensis</span> <span class='ocrx_word' id='word_1_20' title='bbox 1659 951 1731 1004; x_wconf 87' lang='lat' dir='ltr'>ad</span> <span class='ocrx_word' id='word_1_21' title='bbox 1756 951 1906 1004; x_wconf 81' lang='lat' dir='ltr'>Alex.</span> <span class='ocrx_word' id='word_1_22' title='bbox 1926 967 2120 1022; x_wconf 86' lang='lat' dir='ltr'>papam</span> 
     </span>
    </p>

    <p class='ocr_par' dir='ltr' id='par_1_4' title="bbox 775 1035 2116 1106">
     <span class='ocr_line' id='line_1_5' title="bbox 775 1035 2116 1106; baseline 0.001 -17"><span class='ocrx_word' id='word_1_23' title='bbox 775 1040 900 1089; x_wconf 91' lang='grc'><strong>427.</strong></span> <span class='ocrx_word' id='word_1_24' title='bbox 937 1036 1255 1090; x_wconf 79' lang='lat' dir='ltr'>canonicor.</span> <span class='ocrx_word' id='word_1_25' title='bbox 1280 1035 1627 1090; x_wconf 85' lang='lat' dir='ltr'>Remensium</span> <span class='ocrx_word' id='word_1_26' title='bbox 1651 1036 1722 1090; x_wconf 88' lang='lat' dir='ltr'>ad</span> <span class='ocrx_word' id='word_1_27' title='bbox 1745 1037 1896 1090; x_wconf 83' lang='lat' dir='ltr'>Alex.</span> <span class='ocrx_word' id='word_1_28' title='bbox 1921 1054 2116 1106; x_wconf 87' lang='lat' dir='ltr'>papam</span> 
     </span>
    </p>

    <p class='ocr_par' dir='ltr' id='par_1_5' title="bbox 776 1120 2077 1192">
     <span class='ocr_line' id='line_1_6' title="bbox 776 1120 2077 1192; baseline 0 -18"><span class='ocrx_word' id='word_1_29' title='bbox 776 1124 902 1175; x_wconf 87' lang='grc'><strong>428.</strong></span> <span class='ocrx_word' id='word_1_30' title='bbox 940 1120 1160 1174; x_wconf 86' lang='lat' dir='ltr'>Rotrodi</span> <span class='ocrx_word' id='word_1_31' title='bbox 1179 1120 1588 1191; x_wconf 77' lang='lat' dir='ltr'>Rotomagensis</span> <span class='ocrx_word' id='word_1_32' title='bbox 1612 1121 1683 1174; x_wconf 87' lang='lat' dir='ltr'>ad</span> <span class='ocrx_word' id='word_1_33' title='bbox 1709 1122 1862 1174; x_wconf 84' lang='lat' dir='ltr'>Alex.</span> <span class='ocrx_word' id='word_1_34' title='bbox 1888 1139 2077 1192; x_wconf 84' lang='lat' dir='ltr'>papam</span> 
     </span>
    </p>

    <p class='ocr_par' dir='ltr' id='par_1_6' title="bbox 776 1205 2116 1276">
     <span class='ocr_line' id='line_1_7' title="bbox 776 1205 2116 1276; baseline 0.001 -17"><span class='ocrx_word' id='word_1_35' title='bbox 776 1211 901 1259; x_wconf 88' lang='grc'><strong>429.</strong></span> <span class='ocrx_word' id='word_1_36' title='bbox 940 1205 1193 1276; x_wconf 85' lang='lat' dir='ltr'>Ejusdem</span> <span class='ocrx_word' id='word_1_37' title='bbox 1218 1206 1288 1259; x_wconf 89' lang='lat' dir='ltr'>ad</span> <span class='ocrx_word' id='word_1_38' title='bbox 1311 1206 1540 1260; x_wconf 89' lang='lat' dir='ltr'>eundem</span> <span class='ocrx_word' id='word_1_39' title='bbox 1599 1235 1622 1246; x_wconf 91' lang='lat'><strong>·</strong></span> <span class='ocrx_word' id='word_1_40' title='bbox 1766 1235 1787 1245; x_wconf 95' lang='lat'><em>-</em></span> <span class='ocrx_word' id='word_1_41' title='bbox 2093 1235 2116 1245; x_wconf 91' lang='lat'><strong>·</strong></span> 
     </span>
    </p>

    <p class='ocr_par' dir='ltr' id='par_1_7' title="bbox 779 1290 2127 1360">
     <span class='ocr_line' id='line_1_8' title="bbox 779 1290 2127 1360; baseline 0 -15"><span class='ocrx_word' id='word_1_42' title='bbox 779 1295 902 1345; x_wconf 90' lang='grc'><strong>430.</strong></span> <span class='ocrx_word' id='word_1_43' title='bbox 941 1290 1200 1360; x_wconf 88' lang='lat' dir='ltr'>Ejusdem</span> <span class='ocrx_word' id='word_1_44' title='bbox 1224 1291 1294 1344; x_wconf 89' lang='lat' dir='ltr'>ad</span> <span class='ocrx_word' id='word_1_45' title='bbox 1321 1291 1621 1345; x_wconf 88' lang='lat' dir='ltr'>Henricum</span> <span class='ocrx_word' id='word_1_46' title='bbox 1647 1292 1903 1345; x_wconf 89' lang='lat' dir='ltr'>Pisanum</span> <span class='ocrx_word' id='word_1_47' title='bbox 1930 1291 2127 1346; x_wconf 89' lang='lat' dir='ltr'>cardin.</span> 
     </span>
    </p>

    <p class='ocr_par' dir='ltr' id='par_1_8' title="bbox 777 1376 2128 1445">
     <span class='ocr_line' id='line_1_9' title="bbox 777 1376 2128 1445; baseline 0.001 -15"><span class='ocrx_word' id='word_1_48' title='bbox 777 1380 899 1430; x_wconf 90' lang='grc'><strong>431.</strong></span> <span class='ocrx_word' id='word_1_49' title='bbox 937 1376 1195 1445; x_wconf 87' lang='lat' dir='ltr'>Ejusdem</span> <span class='ocrx_word' id='word_1_50' title='bbox 1220 1376 1289 1430; x_wconf 91' lang='lat' dir='ltr'>ad</span> <span class='ocrx_word' id='word_1_51' title='bbox 1311 1376 1578 1430; x_wconf 90' lang='lat' dir='ltr'>Thomam</span> <span class='ocrx_word' id='word_1_52' title='bbox 1602 1377 2041 1431; x_wconf 76' lang='lat' dir='ltr'><strong>cantuariensem</strong></span> <span class='ocrx_word' id='word_1_53' title='bbox 2107 1406 2128 1416; x_wconf 95' lang='lat'><em>-</em></span> 
     </span>
    </p>

    <p class='ocr_par' dir='ltr' id='par_1_9' title="bbox 777 1460 2124 1530">
     <span class='ocr_line' id='line_1_10' title="bbox 777 1460 2124 1530; baseline 0.002 -17"><span class='ocrx_word' id='word_1_54' title='bbox 777 1465 899 1515; x_wconf 88' lang='grc'><strong>432.</strong></span> <span class='ocrx_word' id='word_1_55' title='bbox 938 1460 1195 1530; x_wconf 87' lang='lat' dir='ltr'>Ejusdem</span> <span class='ocrx_word' id='word_1_56' title='bbox 1219 1461 1289 1515; x_wconf 88' lang='lat' dir='ltr'>ad</span> <span class='ocrx_word' id='word_1_57' title='bbox 1313 1461 1542 1515; x_wconf 89' lang='lat' dir='ltr'>eundem</span> <span class='ocrx_word' id='word_1_58' title='bbox 1610 1490 1633 1501; x_wconf 93' lang='lat'>-</span> <span class='ocrx_word' id='word_1_59' title='bbox 1774 1490 1796 1500; x_wconf 92' lang='lat'><strong>·</strong></span> <span class='ocrx_word' id='word_1_60' title='bbox 2102 1491 2124 1500; x_wconf 92' lang='lat'>-</span> 
     </span>
    </p>

    <p class='ocr_par' dir='ltr' id='par_1_10' title="bbox 775 1545 2103 1616">
     <span class='ocr_line' id='line_1_11' title="bbox 775 1545 2103 1616; baseline 0 -16"><span class='ocrx_word' id='word_1_61' title='bbox 775 1549 898 1600; x_wconf 88' lang='grc'><strong>433.</strong></span> <span class='ocrx_word' id='word_1_62' title='bbox 936 1545 1192 1616; x_wconf 83' lang='lat' dir='ltr'>Ejusdem</span> <span class='ocrx_word' id='word_1_63' title='bbox 1217 1545 1287 1598; x_wconf 89' lang='lat' dir='ltr'>ad</span> <span class='ocrx_word' id='word_1_64' title='bbox 1311 1548 1511 1600; x_wconf 88' lang='lat' dir='ltr'>clerum</span> <span class='ocrx_word' id='word_1_65' title='bbox 1536 1556 1590 1600; x_wconf 92' lang='lat' dir='ltr'>et</span> <span class='ocrx_word' id='word_1_66' title='bbox 1612 1547 1868 1616; x_wconf 88' lang='lat' dir='ltr'>populum</span> <span class='ocrx_word' id='word_1_67' title='bbox 1897 1547 2103 1616; x_wconf 85' lang='lat' dir='ltr'>Angliae</span> 
     </span>
    </p>

    <p class='ocr_par' dir='ltr' id='par_1_11' title="bbox 780 1630 2129 1701">
     <span class='ocr_line' id='line_1_12' title="bbox 780 1630 2129 1701; baseline 0.001 -19"><span class='ocrx_word' id='word_1_68' title='bbox 780 1634 902 1684; x_wconf 87' lang='lat'>434.</span> <span class='ocrx_word' id='word_1_69' title='bbox 941 1630 1200 1700; x_wconf 86' lang='lat' dir='ltr'>Ejusdem</span> <span class='ocrx_word' id='word_1_70' title='bbox 1222 1631 1292 1684; x_wconf 87' lang='lat' dir='ltr'>ad</span> <span class='ocrx_word' id='word_1_71' title='bbox 1317 1633 1517 1685; x_wconf 89' lang='lat' dir='ltr'>clerum</span> <span class='ocrx_word' id='word_1_72' title='bbox 1541 1639 1594 1684; x_wconf 92' lang='lat' dir='ltr'>et</span> <span class='ocrx_word' id='word_1_73' title='bbox 1619 1632 1874 1701; x_wconf 89' lang='lat' dir='ltr'>populum</span> <span class='ocrx_word' id='word_1_74' title='bbox 1900 1631 2068 1685; x_wconf 88' lang='lat' dir='ltr'>Lond.</span> <span class='ocrx_word' id='word_1_75' title='bbox 2107 1660 2129 1670; x_wconf 93' lang='lat'>-</span> 
     </span>
    </p>

    <p class='ocr_par' dir='ltr' id='par_1_12' title="bbox 777 1715 2127 1785">
     <span class='ocr_line' id='line_1_13' title="bbox 777 1715 2127 1785; baseline 0.001 -17"><span class='ocrx_word' id='word_1_76' title='bbox 777 1719 900 1768; x_wconf 87' lang='grc'><strong>435.</strong></span> <span class='ocrx_word' id='word_1_77' title='bbox 938 1715 1199 1784; x_wconf 87' lang='lat' dir='ltr'>Ejusdem</span> <span class='ocrx_word' id='word_1_78' title='bbox 1221 1716 1290 1769; x_wconf 88' lang='lat' dir='ltr'>ad</span> <span class='ocrx_word' id='word_1_79' title='bbox 1317 1716 1616 1770; x_wconf 88' lang='lat' dir='ltr'>Henricum</span> <span class='ocrx_word' id='word_1_80' title='bbox 1642 1733 1821 1785; x_wconf 84' lang='lat' dir='ltr'>regem</span> <span class='ocrx_word' id='word_1_81' title='bbox 1942 1744 1964 1755; x_wconf 91' lang='lat'>-</span> <span class='ocrx_word' id='word_1_82' title='bbox 2105 1745 2127 1755; x_wconf 92' lang='lat'>-</span> 
     </span>
    </p>

    <p class='ocr_par' dir='ltr' id='par_1_13' title="bbox 778 1801 2086 1871">
     <span class='ocr_line' id='line_1_14' title="bbox 778 1801 2086 1871; baseline 0.002 -17"><span class='ocrx_word' id='word_1_83' title='bbox 778 1805 902 1854; x_wconf 85' lang='lat'>436.</span> <span class='ocrx_word' id='word_1_84' title='bbox 940 1801 1088 1855; x_wconf 85' lang='lat' dir='ltr'>Eccl.</span> <span class='ocrx_word' id='word_1_85' title='bbox 1114 1801 1422 1871; x_wconf 82' lang='lat' dir='ltr'>Anglicanae</span> <span class='ocrx_word' id='word_1_86' title='bbox 1447 1801 1517 1856; x_wconf 86' lang='lat' dir='ltr'>ad</span> <span class='ocrx_word' id='word_1_87' title='bbox 1541 1801 1805 1855; x_wconf 85' lang='lat' dir='ltr'>Thomam</span> <span class='ocrx_word' id='word_1_88' title='bbox 1831 1802 2086 1856; x_wconf 87' lang='lat' dir='ltr'>Cantuar.</span> 
     </span>
    </p>

    <p class='ocr_par' dir='ltr' id='par_1_14' title="bbox 778 1886 1959 1940">
     <span class='ocr_line' id='line_1_15' title="bbox 778 1886 1959 1940; baseline 0.001 -1"><span class='ocrx_word' id='word_1_89' title='bbox 778 1890 902 1940; x_wconf 87' lang='grc'><strong>437.</strong></span> <span class='ocrx_word' id='word_1_90' title='bbox 941 1886 1248 1940; x_wconf 84' lang='lat' dir='ltr'>Eorundem</span> <span class='ocrx_word' id='word_1_91' title='bbox 1271 1886 1340 1940; x_wconf 88' lang='lat' dir='ltr'>ad</span> <span class='ocrx_word' id='word_1_92' title='bbox 1364 1886 1592 1940; x_wconf 88' lang='lat' dir='ltr'>eundem</span> <span class='ocrx_word' id='word_1_93' title='bbox 1936 1916 1959 1926; x_wconf 93' lang='lat'>-</span> 
     </span>
    </p>

    <p class='ocr_par' dir='ltr' id='par_1_15' title="bbox 779 1971 1597 2028">
     <span class='ocr_line' id='line_1_16' title="bbox 779 1971 1597 2028; baseline 0.002 -3"><span class='ocrx_word' id='word_1_94' title='bbox 779 1976 902 2026; x_wconf 88' lang='grc'><strong>438.</strong></span> <span class='ocrx_word' id='word_1_95' title='bbox 940 1971 1252 2026; x_wconf 86' lang='lat' dir='ltr'>Eorundem</span> <span class='ocrx_word' id='word_1_96' title='bbox 1275 1972 1345 2026; x_wconf 87' lang='lat' dir='ltr'>ad</span> <span class='ocrx_word' id='word_1_97' title='bbox 1370 1972 1597 2028; x_wconf 88' lang='lat' dir='ltr'>eundem</span> 
     </span>
    </p>

    <p class='ocr_par' dir='ltr' id='par_1_16' title="bbox 779 2058 1823 2136">
     <span class='ocr_line' id='line_1_17' title="bbox 779 2058 1823 2136; baseline 0.003 -25"><span class='ocrx_word' id='word_1_98' title='bbox 779 2063 900 2113; x_wconf 88' lang='grc'><strong>439.</strong></span> <span class='ocrx_word' id='word_1_99' title='bbox 938 2058 1082 2112; x_wconf 86' lang='lat' dir='ltr'>Cleri</span> <span class='ocrx_word' id='word_1_100' title='bbox 1100 2060 1445 2114; x_wconf 83' lang='lat' dir='ltr'>Normanniae</span> <span class='ocrx_word' id='word_1_101' title='bbox 1469 2059 1538 2113; x_wconf 88' lang='lat' dir='ltr'>ad</span> <span class='ocrx_word' id='word_1_102' title='bbox 1564 2060 1794 2114; x_wconf 89' lang='lat' dir='ltr'>eundem</span> <span class='ocrx_word' id='word_1_103' title='bbox 1819 2130 1823 2136; x_wconf 30' lang='grc' dir='ltr'>Ι</span> 
     </span>
    </p>

    <p class='ocr_par' dir='ltr' id='par_1_17' title="bbox 779 2143 2099 2215">
     <span class='ocr_line' id='line_1_18' title="bbox 779 2143 2099 2215; baseline 0.003 -20"><span class='ocrx_word' id='word_1_104' title='bbox 779 2148 903 2196; x_wconf 88' lang='grc'><strong>440.</strong></span> <span class='ocrx_word' id='word_1_105' title='bbox 947 2143 1276 2198; x_wconf 87' lang='lat' dir='ltr'>Clericorum</span> <span class='ocrx_word' id='word_1_106' title='bbox 1301 2145 1635 2215; x_wconf 88' lang='lat' dir='ltr'>quorundam</span> <span class='ocrx_word' id='word_1_107' title='bbox 1658 2144 1728 2198; x_wconf 83' lang='lat' dir='ltr'>ad</span> <span class='ocrx_word' id='word_1_108' title='bbox 1749 2161 1931 2213; x_wconf 82' lang='lat' dir='ltr'>regem</span> <span class='ocrx_word' id='word_1_109' title='bbox 1957 2145 2099 2199; x_wconf 90' lang='lat' dir='ltr'>Hen.</span> 
     </span>
    </p>

    <p class='ocr_par' dir='ltr' id='par_1_18' title="bbox 780 2228 2097 2298">
     <span class='ocr_line' id='line_1_19' title="bbox 780 2228 2097 2298; baseline 0.002 -17"><span class='ocrx_word' id='word_1_110' title='bbox 780 2232 902 2282; x_wconf 89' lang='grc'><strong>441.</strong></span> <span class='ocrx_word' id='word_1_111' title='bbox 941 2229 1193 2282; x_wconf 84' lang='lat' dir='ltr'>Ecclesiae</span> <span class='ocrx_word' id='word_1_112' title='bbox 1219 2231 1532 2298; x_wconf 81' lang='lat' dir='ltr'>Anglicanae</span> <span class='ocrx_word' id='word_1_113' title='bbox 1557 2229 1629 2281; x_wconf 88' lang='lat' dir='ltr'>ad</span> <span class='ocrx_word' id='word_1_114' title='bbox 1652 2228 1915 2282; x_wconf 84' lang='lat' dir='ltr'>Thomam</span> <span class='ocrx_word' id='word_1_115' title='bbox 1942 2229 2097 2284; x_wconf 87' lang='lat' dir='ltr'>Cant.</span> 
     </span>
    </p>

    <p class='ocr_par' dir='ltr' id='par_1_19' title="bbox 782 2313 2108 2382">
     <span class='ocr_line' id='line_1_20' title="bbox 782 2313 2108 2382; baseline 0.001 -16"><span class='ocrx_word' id='word_1_116' title='bbox 782 2317 910 2366; x_wconf 90' lang='grc'><strong>442.</strong></span> <span class='ocrx_word' id='word_1_117' title='bbox 947 2313 1173 2366; x_wconf 88' lang='lat' dir='ltr'>Walteri</span> <span class='ocrx_word' id='word_1_118' title='bbox 1195 2314 1508 2367; x_wconf 87' lang='lat' dir='ltr'>Albanensis</span> <span class='ocrx_word' id='word_1_119' title='bbox 1533 2314 1765 2382; x_wconf 85' lang='lat' dir='ltr'>episcopi</span> <span class='ocrx_word' id='word_1_120' title='bbox 1787 2314 1859 2367; x_wconf 87' lang='lat' dir='ltr'>ad</span> <span class='ocrx_word' id='word_1_121' title='bbox 1884 2314 2108 2368; x_wconf 86' lang='lat' dir='ltr'>Gilbert.</span> 
     </span>
    </p>

    <p class='ocr_par' dir='ltr' id='par_1_20' title="bbox 780 2397 2130 2553">
     <span class='ocr_line' id='line_1_21' title="bbox 780 2397 2130 2524; baseline 0.001 -72"><span class='ocrx_word' id='word_1_122' title='bbox 780 2402 906 2452; x_wconf 89' lang='grc'><strong>443.</strong></span> <span class='ocrx_word' id='word_1_123' title='bbox 941 2397 1201 2452; x_wconf 90' lang='lat' dir='ltr'>Willelmi</span> <span class='ocrx_word' id='word_1_124' title='bbox 1271 2397 1697 2452; x_wconf 86' lang='lat' dir='ltr'>Altisiodorensis</span> <span class='ocrx_word' id='word_1_125' title='bbox 1763 2399 1996 2524; x_wconf 85' lang='lat' dir='ltr'>episcopi</span> <span class='ocrx_word' id='word_1_126' title='bbox 2059 2400 2130 2454; x_wconf 91' lang='lat' dir='ltr'>ad</span> 
     </span>
     <span class='ocr_line' id='line_1_22' title="bbox 993 2481 2127 2553; baseline 0.001 -17"><span class='ocrx_word' id='word_1_127' title='bbox 993 2481 1353 2536; x_wconf 82' lang='lat' dir='ltr'>Alexandrum</span> <span class='ocrx_word' id='word_1_128' title='bbox 1378 2500 1572 2553; x_wconf 88' lang='lat' dir='ltr'>papam</span> <span class='ocrx_word' id='word_1_129' title='bbox 2104 2513 2127 2524; x_wconf 91' lang='lat'>-</span> 
     </span>
    </p>

    <p class='ocr_par' dir='ltr' id='par_1_21' title="bbox 778 2514 2085 2637">
     <span class='ocr_line' id='line_1_23' title="bbox 778 2514 2085 2637; baseline 0.001 -15"><span class='ocrx_word' id='word_1_130' title='bbox 778 2574 900 2623; x_wconf 89' lang='grc'><strong>444.</strong></span> <span class='ocrx_word' id='word_1_131' title='bbox 939 2568 1298 2637; x_wconf 84' lang='lat' dir='ltr'>Bangorensis</span> <span class='ocrx_word' id='word_1_132' title='bbox 1322 2568 1523 2622; x_wconf 80' lang='lat' dir='ltr'>archid.</span> <span class='ocrx_word' id='word_1_133' title='bbox 1546 2567 1617 2622; x_wconf 86' lang='lat' dir='ltr'>ad</span> <span class='ocrx_word' id='word_1_134' title='bbox 1642 2569 1903 2623; x_wconf 91' lang='lat' dir='ltr'>Thomam</span> <span class='ocrx_word' id='word_1_135' title='bbox 1928 2514 2085 2624; x_wconf 85' lang='lat' dir='ltr'>Cant.</span> 
     </span>
    </p>

    <p class='ocr_par' dir='ltr' id='par_1_22' title="bbox 777 2653 2129 2709">
     <span class='ocr_line' id='line_1_24' title="bbox 777 2653 2129 2709; baseline -0.001 -1"><span class='ocrx_word' id='word_1_136' title='bbox 777 2659 898 2709; x_wconf 93' lang='grc'><strong>445.</strong></span> <span class='ocrx_word' id='word_1_137' title='bbox 935 2653 1284 2707; x_wconf 86' lang='lat' dir='ltr'>Bituricensis</span> <span class='ocrx_word' id='word_1_138' title='bbox 1307 2653 1666 2707; x_wconf 83' lang='lat' dir='ltr'>archidiaconi</span> <span class='ocrx_word' id='word_1_139' title='bbox 1690 2654 1761 2707; x_wconf 90' lang='lat' dir='ltr'>ad</span> <span class='ocrx_word' id='word_1_140' title='bbox 1783 2654 2012 2708; x_wconf 88' lang='lat' dir='ltr'>eundem</span> <span class='ocrx_word' id='word_1_141' title='bbox 2107 2684 2129 2694; x_wconf 92' lang='lat'><strong>·</strong></span> 
     </span>
    </p>

    <p class='ocr_par' dir='ltr' id='par_1_23' title="bbox 780 2738 2125 2895">
     <span class='ocr_line' id='line_1_25' title="bbox 780 2738 2125 2794; baseline 0.001 -2"><span class='ocrx_word' id='word_1_142' title='bbox 780 2743 903 2792; x_wconf 89' lang='grc'><strong>446.</strong></span> <span class='ocrx_word' id='word_1_143' title='bbox 939 2739 1200 2791; x_wconf 88' lang='lat' dir='ltr'>Willelmi</span> <span class='ocrx_word' id='word_1_144' title='bbox 1248 2738 1592 2793; x_wconf 87' lang='lat' dir='ltr'>Carnotensis</span> <span class='ocrx_word' id='word_1_145' title='bbox 1651 2739 1807 2793; x_wconf 89' lang='lat' dir='ltr'>electi</span> <span class='ocrx_word' id='word_1_146' title='bbox 1854 2740 1925 2793; x_wconf 88' lang='lat' dir='ltr'>ad</span> <span class='ocrx_word' id='word_1_147' title='bbox 1972 2741 2125 2794; x_wconf 86' lang='lat' dir='ltr'>Alex.</span> 
     </span>
     <span class='ocr_line' id='line_1_26' title="bbox 992 2840 1800 2895; baseline 0.001 -19"><span class='ocrx_word' id='word_1_148' title='bbox 992 2840 1188 2895; x_wconf 84' lang='lat' dir='ltr'>papam</span> <span class='ocrx_word' id='word_1_149' title='bbox 1283 2851 1305 2862; x_wconf 91' lang='lat'><strong>·</strong></span> <span class='ocrx_word' id='word_1_150' title='bbox 1613 2853 1636 2863; x_wconf 96' lang='lat'>-</span> <span class='ocrx_word' id='word_1_151' title='bbox 1779 2853 1800 2863; x_wconf 96' lang='lat'><em>-</em></span> 
     </span>
    </p>

    <p class='ocr_par' dir='ltr' id='par_1_24' title="bbox 780 2907 1955 2978">
     <span class='ocr_line' id='line_1_27' title="bbox 780 2907 1955 2978; baseline 0.002 -17"><span class='ocrx_word' id='word_1_152' title='bbox 780 2912 902 2962; x_wconf 87' lang='grc'><strong>447.</strong></span> <span class='ocrx_word' id='word_1_153' title='bbox 940 2907 1195 2978; x_wconf 87' lang='lat' dir='ltr'>Ejusdem</span> <span class='ocrx_word' id='word_1_154' title='bbox 1220 2907 1290 2961; x_wconf 88' lang='lat' dir='ltr'>ad</span> <span class='ocrx_word' id='word_1_155' title='bbox 1315 2908 1542 2962; x_wconf 90' lang='lat' dir='ltr'>eundem</span> <span class='ocrx_word' id='word_1_156' title='bbox 1606 2937 1628 2948; x_wconf 95' lang='lat'>-</span> <span class='ocrx_word' id='word_1_157' title='bbox 1933 2939 1955 2949; x_wconf 95' lang='lat'>-</span> 
     </span>
    </p>

    <p class='ocr_par' dir='ltr' id='par_1_25' title="bbox 782 2993 1957 3061">
     <span class='ocr_line' id='line_1_28' title="bbox 782 2993 1957 3061; baseline 0.002 -14"><span class='ocrx_word' id='word_1_158' title='bbox 782 2999 907 3047; x_wconf 87' lang='grc'><strong>448.</strong></span> <span class='ocrx_word' id='word_1_159' title='bbox 943 2994 1148 3061; x_wconf 72' lang='lat' dir='ltr'>AEg-idii</span> <span class='ocrx_word' id='word_1_160' title='bbox 1174 2994 1509 3047; x_wconf 87' lang='lat' dir='ltr'>Ebroicensis</span> <span class='ocrx_word' id='word_1_161' title='bbox 1533 2993 1602 3049; x_wconf 88' lang='lat' dir='ltr'>ad</span> <span class='ocrx_word' id='word_1_162' title='bbox 1626 2995 1854 3050; x_wconf 87' lang='lat' dir='ltr'>eundem</span> <span class='ocrx_word' id='word_1_163' title='bbox 1934 3024 1957 3035; x_wconf 91' lang='lat'>-</span> 
     </span>
    </p>

    <p class='ocr_par' dir='ltr' id='par_1_26' title="bbox 782 3079 2122 3239">
     <span class='ocr_line' id='line_1_29' title="bbox 782 3079 2122 3154; baseline 0.003 -21"><span class='ocrx_word' id='word_1_164' title='bbox 782 3085 907 3135; x_wconf 88' lang='lat'>449.</span> <span class='ocrx_word' id='word_1_165' title='bbox 945 3080 1161 3134; x_wconf 88' lang='lat' dir='ltr'>Roberti</span> <span class='ocrx_word' id='word_1_166' title='bbox 1232 3079 1578 3149; x_wconf 81' lang='lat' dir='ltr'>[oxoniensis</span> <span class='ocrx_word' id='word_1_167' title='bbox 1643 3082 1842 3136; x_wconf 85' lang='lat' dir='ltr'>archid.</span> <span class='ocrx_word' id='word_1_168' title='bbox 1915 3079 2122 3154; x_wconf 82' lang='lat' dir='ltr'>postea]</span> 
     </span>
     <span class='ocr_line' id='line_1_30' title="bbox 1000 3166 1804 3239; baseline 0.004 -20"><span class='ocrx_word' id='word_1_169' title='bbox 1000 3166 1428 3222; x_wconf 87' lang='lat' dir='ltr'>Herefordiensis</span> <span class='ocrx_word' id='word_1_170' title='bbox 1451 3170 1684 3239; x_wconf 85' lang='lat' dir='ltr'>episcopi</span> <span class='ocrx_word' id='word_1_171' title='bbox 1782 3198 1804 3208; x_wconf 92' lang='lat'><strong>·</strong></span> 
     </span>
    </p>

    <p class='ocr_par' dir='ltr' id='par_1_27' title="bbox 782 3253 2132 3409">
     <span class='ocr_line' id='line_1_31' title="bbox 782 3253 2130 3326; baseline -0.001 -18"><span class='ocrx_word' id='word_1_172' title='bbox 782 3258 906 3308; x_wconf 90' lang='grc'><strong>450.</strong></span> <span class='ocrx_word' id='word_1_173' title='bbox 946 3255 1173 3308; x_wconf 88' lang='lat' dir='ltr'>Henrici</span> <span class='ocrx_word' id='word_1_174' title='bbox 1197 3253 1386 3308; x_wconf 87' lang='lat' dir='ltr'>decani</span> <span class='ocrx_word' id='word_1_175' title='bbox 1409 3262 1463 3307; x_wconf 89' lang='lat' dir='ltr'>et</span> <span class='ocrx_word' id='word_1_176' title='bbox 1486 3255 1707 3326; x_wconf 87' lang='lat' dir='ltr'>capituli</span> <span class='ocrx_word' id='word_1_177' title='bbox 1732 3255 1786 3310; x_wconf 90' lang='lat' dir='ltr'>S.</span> <span class='ocrx_word' id='word_1_178' title='bbox 1806 3255 1965 3310; x_wconf 88' lang='lat' dir='ltr'>Pauli</span> <span class='ocrx_word' id='word_1_179' title='bbox 1989 3255 2130 3309; x_wconf 90' lang='lat' dir='ltr'>Lon-</span> 
     </span>
     <span class='ocr_line' id='line_1_32' title="bbox 996 3338 2132 3409; baseline -0.001 -17"><span class='ocrx_word' id='word_1_180' title='bbox 996 3340 1119 3393; x_wconf 88' lang='lat' dir='ltr'>don.</span> <span class='ocrx_word' id='word_1_181' title='bbox 1143 3338 1213 3393; x_wconf 86' lang='lat' dir='ltr'>ad</span> <span class='ocrx_word' id='word_1_182' title='bbox 1236 3340 1598 3393; x_wconf 80' lang='lat' dir='ltr'>Alexandrum</span> <span class='ocrx_word' id='word_1_183' title='bbox 1623 3355 1817 3409; x_wconf 86' lang='lat' dir='ltr'>papam</span> <span class='ocrx_word' id='word_1_184' title='bbox 2109 3367 2132 3377; x_wconf 95' lang='lat'>-</span> 
     </span>
    </p>

    <p class='ocr_par' dir='ltr' id='par_1_28' title="bbox 784 3423 2121 3495">
     <span class='ocr_line' id='line_1_33' title="bbox 784 3423 2121 3495; baseline 0 -17"><span class='ocrx_word' id='word_1_185' title='bbox 784 3430 909 3479; x_wconf 90' lang='grc'><strong>451.</strong></span> <span class='ocrx_word' id='word_1_186' title='bbox 946 3425 1205 3495; x_wconf 83' lang='lat' dir='ltr'>Stephani</span> <span class='ocrx_word' id='word_1_187' title='bbox 1230 3424 1525 3477; x_wconf 89' lang='lat' dir='ltr'>Meldensis</span> <span class='ocrx_word' id='word_1_188' title='bbox 1548 3423 1621 3478; x_wconf 87' lang='lat' dir='ltr'>ad</span> <span class='ocrx_word' id='word_1_189' title='bbox 1643 3424 1902 3478; x_wconf 87' lang='lat' dir='ltr'>Alexand.</span> <span class='ocrx_word' id='word_1_190' title='bbox 1927 3441 2121 3495; x_wconf 85' lang='lat' dir='ltr'>papam</span> 
     </span>
    </p>

    <p class='ocr_par' dir='ltr' id='par_1_29' title="bbox 784 3510 2127 3581">
     <span class='ocr_line' id='line_1_34' title="bbox 784 3510 2127 3581; baseline -0.006 -13"><span class='ocrx_word' id='word_1_191' title='bbox 784 3518 907 3568; x_wconf 90' lang='grc'><strong>452.</strong></span> <span class='ocrx_word' id='word_1_192' title='bbox 944 3511 1203 3581; x_wconf 90' lang='lat' dir='ltr'>Ejusdem</span> <span class='ocrx_word' id='word_1_193' title='bbox 1227 3511 1298 3565; x_wconf 88' lang='lat' dir='ltr'>ad</span> <span class='ocrx_word' id='word_1_194' title='bbox 1322 3510 1551 3564; x_wconf 89' lang='lat' dir='ltr'>eundem</span> <span class='ocrx_word' id='word_1_195' title='bbox 1613 3539 1635 3550; x_wconf 84' lang='lat'>—</span> <span class='ocrx_word' id='word_1_196' title='bbox 2105 3540 2127 3550; x_wconf 93' lang='lat'>-</span> 
     </span>
    </p>

    <p class='ocr_par' dir='ltr' id='par_1_30' title="bbox 785 3596 1635 3667">
     <span class='ocr_line' id='line_1_35' title="bbox 785 3596 1635 3667; baseline -0.005 -15"><span class='ocrx_word' id='word_1_197' title='bbox 785 3604 909 3656; x_wconf 90' lang='grc'><strong>453.</strong></span> <span class='ocrx_word' id='word_1_198' title='bbox 947 3598 1204 3667; x_wconf 85' lang='lat' dir='ltr'>Ejusdem</span> <span class='ocrx_word' id='word_1_199' title='bbox 1228 3596 1297 3651; x_wconf 98' lang='lat' dir='ltr'>ad</span> <span class='ocrx_word' id='word_1_200' title='bbox 1322 3596 1549 3650; x_wconf 88' lang='lat' dir='ltr'>eundem</span> <span class='ocrx_word' id='word_1_201' title='bbox 1613 3631 1635 3641; x_wconf 94' lang='lat'><em>-</em></span> 
     </span>
    </p>

    <p class='ocr_par' dir='ltr' id='par_1_31' title="bbox 786 3681 2131 3840">
     <span class='ocr_line' id='line_1_36' title="bbox 786 3681 2131 3752; baseline -0.004 -14"><span class='ocrx_word' id='word_1_202' title='bbox 786 3689 908 3738; x_wconf 84' lang='lat'>454.</span> <span class='ocrx_word' id='word_1_203' title='bbox 945 3683 1169 3736; x_wconf 87' lang='lat' dir='ltr'>Milonis</span> <span class='ocrx_word' id='word_1_204' title='bbox 1191 3682 1525 3736; x_wconf 88' lang='lat' dir='ltr'>Morinorum</span> <span class='ocrx_word' id='word_1_205' title='bbox 1548 3681 1782 3752; x_wconf 85' lang='lat' dir='ltr'>episcopi</span> <span class='ocrx_word' id='word_1_206' title='bbox 1805 3681 1875 3735; x_wconf 88' lang='lat' dir='ltr'>ad</span> <span class='ocrx_word' id='word_1_207' title='bbox 1902 3681 2131 3734; x_wconf 86' lang='lat' dir='ltr'>Alexan-</span> 
     </span>
     <span class='ocr_line' id='line_1_37' title="bbox 997 3769 1478 3840; baseline -0.004 -17"><span class='ocrx_word' id='word_1_208' title='bbox 997 3769 1152 3823; x_wconf 87' lang='lat' dir='ltr'>drum</span> <span class='ocrx_word' id='word_1_209' title='bbox 1176 3786 1371 3840; x_wconf 85' lang='lat' dir='ltr'>papam</span> <span class='ocrx_word' id='word_1_210' title='bbox 1455 3797 1478 3808; x_wconf 95' lang='lat'>-</span> 
     </span>
    </p>

    <p class='ocr_par' dir='ltr' id='par_1_32' title="bbox 785 3856 2103 4015">
     <span class='ocr_line' id='line_1_38' title="bbox 785 3856 2103 3982; baseline -0.002 -72"><span class='ocrx_word' id='word_1_211' title='bbox 785 3861 908 3910; x_wconf 90' lang='grc'><strong>455.</strong></span> <span class='ocrx_word' id='word_1_212' title='bbox 946 3856 1208 3910; x_wconf 88' lang='lat' dir='ltr'>Bernardi</span> <span class='ocrx_word' id='word_1_213' title='bbox 1233 3857 1575 3910; x_wconf 83' lang='lat' dir='ltr'>Nivernensis</span> <span class='ocrx_word' id='word_1_214' title='bbox 1599 3856 1833 3982; x_wconf 83' lang='lat' dir='ltr'>episcopi</span> <span class='ocrx_word' id='word_1_215' title='bbox 1857 3856 1928 3910; x_wconf 88' lang='lat' dir='ltr'>ad</span> <span class='ocrx_word' id='word_1_216' title='bbox 1951 3857 2103 3909; x_wconf 89' lang='lat' dir='ltr'>Alex.</span> 
     </span>
     <span class='ocr_line' id='line_1_39' title="bbox 1004 3961 1323 4015; baseline 0 -18"><span class='ocrx_word' id='word_1_217' title='bbox 1004 3961 1199 4015; x_wconf 87' lang='lat' dir='ltr'>papam</span> <span class='ocrx_word' id='word_1_218' title='bbox 1300 3972 1323 3983; x_wconf 91' lang='lat'>-</span> 
     </span>
    </p>
   </div>
   <div class='ocr_carea' id='block_1_3' title="bbox 787 4028 2131 4083">
    <p class='ocr_par' dir='ltr' id='par_1_33' title="bbox 787 4028 2131 4083">
     <span class='ocr_line' id='line_1_40' title="bbox 787 4028 2131 4083; baseline 0.001 -3"><span class='ocrx_word' id='word_1_219' title='bbox 787 4031 907 4082; x_wconf 82' lang='lat'>456.</span> <span class='ocrx_word' id='word_1_220' title='bbox 943 4029 1203 4082; x_wconf 89' lang='lat' dir='ltr'>Willelmi</span> <span class='ocrx_word' id='word_1_221' title='bbox 1227 4028 1580 4083; x_wconf 86' lang='lat' dir='ltr'>Norwicensis</span> <span class='ocrx_word' id='word_1_222' title='bbox 1604 4028 1675 4083; x_wconf 88' lang='lat' dir='ltr'>ad</span> <span class='ocrx_word' id='word_1_223' title='bbox 1700 4028 1962 4083; x_wconf 87' lang='lat' dir='ltr'>Thomam</span> <span class='ocrx_word' id='word_1_224' title='bbox 1990 4028 2131 4081; x_wconf 89' lang='lat' dir='ltr'>Can-</span> 
     </span>
    </p>
   </div>
   <div class='ocr_carea' id='block_1_4' title="bbox 787 4122 2108 4356">
    <p class='ocr_par' dir='ltr' id='par_1_34' title="bbox 787 4122 2108 4356">
     <span class='ocr_line' id='line_1_41' title="bbox 1066 4131 1140 4168; baseline -0.017 -1"><span class='ocrx_word' id='word_1_225' title='bbox 1066 4131 1140 4168; x_wconf 88' lang='lat' dir='ltr'>ar.</span> 
     </span>
     <span class='ocr_line' id='line_1_42' title="bbox 787 4122 2106 4271; baseline 0 -18"><span class='ocrx_word' id='word_1_226' title='bbox 787 4205 908 4255; x_wconf 90' lang='grc'><strong>457.</strong></span> <span class='ocrx_word' id='word_1_227' title='bbox 946 4122 1214 4255; x_wconf 56' lang='grc' dir='ltr'><strong>Βεὲιᾱπὶιιὶ</strong></span> <span class='ocrx_word' id='word_1_228' title='bbox 1246 4200 1620 4256; x_wconf 84' lang='lat' dir='ltr'>Noviomensis</span> <span class='ocrx_word' id='word_1_229' title='bbox 1644 4200 1715 4254; x_wconf 90' lang='lat' dir='ltr'>ad</span> <span class='ocrx_word' id='word_1_230' title='bbox 1737 4200 1887 4254; x_wconf 85' lang='lat' dir='ltr'>Alex.</span> <span class='ocrx_word' id='word_1_231' title='bbox 1911 4217 2106 4271; x_wconf 85' lang='lat' dir='ltr'>papam</span> 
     </span>
     <span class='ocr_line' id='line_1_43' title="bbox 788 4285 2108 4356; baseline -0.001 -16"><span class='ocrx_word' id='word_1_232' title='bbox 788 4291 908 4341; x_wconf 90' lang='grc'><strong>458.</strong></span> <span class='ocrx_word' id='word_1_233' title='bbox 947 4287 1206 4356; x_wconf 88' lang='lat' dir='ltr'>Ejusdem</span> <span class='ocrx_word' id='word_1_234' title='bbox 1232 4296 1287 4342; x_wconf 88' lang='lat' dir='ltr'>et</span> <span class='ocrx_word' id='word_1_235' title='bbox 1311 4287 1565 4342; x_wconf 88' lang='lat' dir='ltr'>Mauricii</span> <span class='ocrx_word' id='word_1_236' title='bbox 1590 4286 1757 4341; x_wconf 83' lang='lat' dir='ltr'>Paris</span> <span class='ocrx_word' id='word_1_237' title='bbox 1784 4285 1854 4339; x_wconf 88' lang='lat' dir='ltr'>ad</span> <span class='ocrx_word' id='word_1_238' title='bbox 1879 4286 2108 4339; x_wconf 88' lang='lat' dir='ltr'>eundem</span> 
     </span>
    </p>
   </div>
   <div class='ocr_carea' id='block_1_5' title="bbox 2260 866 2620 2368">
    <p class='ocr_par' dir='ltr' id='par_1_35' title="bbox 2260 866 2615 1345">
     <span class='ocr_line' id='line_1_44' title="bbox 2265 866 2390 920; baseline 0 -1"><span class='ocrx_word' id='word_1_239' title='bbox 2265 866 2390 920; x_wconf 87' lang='lat' dir='ltr'>Non</span> 
     </span>
     <span class='ocr_line' id='line_1_45' title="bbox 2263 951 2594 1005; baseline 0.003 -2"><span class='ocrx_word' id='word_1_240' title='bbox 2263 951 2594 1005; x_wconf 86' lang='lat' dir='ltr'>Venerabilis</span> 
     </span>
     <span class='ocr_line' id='line_1_46' title="bbox 2270 1036 2615 1091; baseline 0.009 -3"><span class='ocrx_word' id='word_1_241' title='bbox 2270 1036 2615 1091; x_wconf 88' lang='lat' dir='ltr'>Invalescunt</span> 
     </span>
     <span class='ocr_line' id='line_1_47' title="bbox 2268 1121 2492 1176; baseline 0 -2"><span class='ocrx_word' id='word_1_242' title='bbox 2268 1121 2492 1176; x_wconf 80' lang='lat' dir='ltr'>Evocati</span> 
     </span>
     <span class='ocr_line' id='line_1_48' title="bbox 2260 1206 2605 1261; baseline 0.006 -2"><span class='ocrx_word' id='word_1_243' title='bbox 2260 1206 2605 1261; x_wconf 81' lang='lat' dir='ltr'>Perseverans</span> 
     </span>
     <span class='ocr_line' id='line_1_49' title="bbox 2272 1291 2377 1345; baseline 0.01 -1"><span class='ocrx_word' id='word_1_244' title='bbox 2272 1291 2377 1345; x_wconf 91' lang='lat' dir='ltr'>Pro</span> 
     </span>
    </p>

    <p class='ocr_par' dir='ltr' id='par_1_36' title="bbox 2268 1376 2478 1515">
     <span class='ocr_line' id='line_1_50' title="bbox 2272 1376 2453 1438; baseline 0 -8"><span class='ocrx_word' id='word_1_245' title='bbox 2272 1376 2453 1438; x_wconf 86' lang='lat' dir='ltr'>Quum</span> 
     </span>
     <span class='ocr_line' id='line_1_51' title="bbox 2268 1462 2478 1515; baseline 0.005 -1"><span class='ocrx_word' id='word_1_246' title='bbox 2268 1462 2478 1515; x_wconf 89' lang='lat' dir='ltr'>Scimus</span> 
     </span>
    </p>

    <p class='ocr_par' dir='ltr' id='par_1_37' title="bbox 2260 1547 2620 2368">
     <span class='ocr_line' id='line_1_52' title="bbox 2266 1547 2325 1599; baseline 0.017 -1"><span class='ocrx_word' id='word_1_247' title='bbox 2266 1547 2325 1599; x_wconf 89' lang='lat' dir='ltr'>Si</span> 
     </span>
     <span class='ocr_line' id='line_1_53' title="bbox 2272 1631 2620 1686; baseline 0 -2"><span class='ocrx_word' id='word_1_248' title='bbox 2272 1631 2620 1686; x_wconf 82' lang='lat' dir='ltr'>Universitati</span> 
     </span>
     <span class='ocr_line' id='line_1_54' title="bbox 2270 1716 2520 1770; baseline 0.012 -2"><span class='ocrx_word' id='word_1_249' title='bbox 2270 1716 2520 1770; x_wconf 86' lang='lat' dir='ltr'>Formam</span> 
     </span>
     <span class='ocr_line' id='line_1_55' title="bbox 2272 1802 2408 1864; baseline 0 -8"><span class='ocrx_word' id='word_1_250' title='bbox 2272 1802 2408 1864; x_wconf 83' lang='lat' dir='ltr'>Quae</span> 
     </span>
     <span class='ocr_line' id='line_1_56' title="bbox 2265 1888 2510 1942; baseline 0.016 -4"><span class='ocrx_word' id='word_1_251' title='bbox 2265 1888 2510 1942; x_wconf 87' lang='lat' dir='ltr'>Vestram</span> 
     </span>
     <span class='ocr_line' id='line_1_57' title="bbox 2269 1973 2594 2028; baseline 0.003 -1"><span class='ocrx_word' id='word_1_252' title='bbox 2269 1973 2594 2028; x_wconf 81' lang='lat' dir='ltr'>Sublimitati</span> 
     </span>
     <span class='ocr_line' id='line_1_58' title="bbox 2266 2060 2509 2113; baseline -0.004 0"><span class='ocrx_word' id='word_1_253' title='bbox 2266 2060 2509 2113; x_wconf 84' lang='lat' dir='ltr'>Nuncios</span> 
     </span>
     <span class='ocr_line' id='line_1_59' title="bbox 2266 2144 2490 2197; baseline -0.004 0"><span class='ocrx_word' id='word_1_254' title='bbox 2266 2144 2490 2197; x_wconf 88' lang='lat' dir='ltr'>Noverit</span> 
     </span>
     <span class='ocr_line' id='line_1_60' title="bbox 2261 2230 2506 2282; baseline 0.008 -2"><span class='ocrx_word' id='word_1_255' title='bbox 2261 2230 2506 2282; x_wconf 82' lang='lat' dir='ltr'>Vestram</span> 
     </span>
     <span class='ocr_line' id='line_1_61' title="bbox 2260 2315 2494 2368; baseline 0.004 -1"><span class='ocrx_word' id='word_1_256' title='bbox 2260 2315 2494 2368; x_wconf 89' lang='lat' dir='ltr'>Veniens</span> 
     </span>
    </p>
   </div>
   <div class='ocr_carea' id='block_1_6' title="bbox 2267 2485 2484 2708">
    <p class='ocr_par' dir='ltr' id='par_1_38' title="bbox 2267 2485 2484 2708">
     <span class='ocr_line' id='line_1_62' title="bbox 2271 2485 2329 2538; baseline -0.034 0"><span class='ocrx_word' id='word_1_257' title='bbox 2271 2485 2329 2538; x_wconf 90' lang='lat' dir='ltr'>Si</span> 
     </span>
     <span class='ocr_line' id='line_1_63' title="bbox 2267 2569 2484 2632; baseline 0.005 -9"><span class='ocrx_word' id='word_1_258' title='bbox 2267 2569 2484 2632; x_wconf 88' lang='lat' dir='ltr'>Quanta</span> 
     </span>
     <span class='ocr_line' id='line_1_64' title="bbox 2272 2654 2476 2708; baseline 0.005 -1"><span class='ocrx_word' id='word_1_259' title='bbox 2272 2654 2476 2708; x_wconf 79' lang='lat' dir='ltr'>Literas</span> 
     </span>
    </p>
   </div>
   <div class='ocr_carea' id='block_1_7' title="bbox 2259 2824 2522 3050">
    <p class='ocr_par' dir='ltr' id='par_1_39' title="bbox 2259 2824 2522 3050">
     <span class='ocr_line' id='line_1_65' title="bbox 2270 2824 2522 2878; baseline 0 -1"><span class='ocrx_word' id='word_1_260' title='bbox 2270 2824 2522 2878; x_wconf 81' lang='lat' dir='ltr'>Ecclesiae</span> 
     </span>
     <span class='ocr_line' id='line_1_66' title="bbox 2259 2910 2428 2980; baseline 0.006 -19"><span class='ocrx_word' id='word_1_261' title='bbox 2259 2910 2428 2980; x_wconf 83' lang='lat' dir='ltr'>Vigor</span> 
     </span>
     <span class='ocr_line' id='line_1_67' title="bbox 2264 2996 2423 3050; baseline -0.006 0"><span class='ocrx_word' id='word_1_262' title='bbox 2264 2996 2423 3050; x_wconf 85' lang='lat' dir='ltr'>Circa</span> 
     </span>
    </p>
   </div>
   <div class='ocr_carea' id='block_1_8' title="bbox 2274 3168 2400 3221">
    <p class='ocr_par' dir='ltr' id='par_1_40' title="bbox 2274 3168 2400 3221">
     <span class='ocr_line' id='line_1_68' title="bbox 2274 3168 2400 3221; baseline 0 0"><span class='ocrx_word' id='word_1_263' title='bbox 2274 3168 2400 3221; x_wconf 90' lang='lat' dir='ltr'>Non</span> 
     </span>
    </p>
   </div>
   <div class='ocr_carea' id='block_1_9' title="bbox 2266 3337 2622 3649">
    <p class='ocr_par' dir='ltr' id='par_1_41' title="bbox 2266 3337 2622 3649">
     <span class='ocr_line' id='line_1_69' title="bbox 2273 3337 2564 3408; baseline 0 -18"><span class='ocrx_word' id='word_1_264' title='bbox 2273 3337 2564 3408; x_wconf 88' lang='lat' dir='ltr'>Postquam</span> 
     </span>
     <span class='ocr_line' id='line_1_70' title="bbox 2273 3425 2427 3478; baseline -0.006 0"><span class='ocrx_word' id='word_1_265' title='bbox 2273 3425 2427 3478; x_wconf 88' lang='lat' dir='ltr'>Licet</span> 
     </span>
     <span class='ocr_line' id='line_1_71' title="bbox 2268 3511 2622 3565; baseline 0.006 -2"><span class='ocrx_word' id='word_1_266' title='bbox 2268 3511 2622 3565; x_wconf 86' lang='lat' dir='ltr'>Crebrescunt</span> 
     </span>
     <span class='ocr_line' id='line_1_72' title="bbox 2266 3596 2422 3649; baseline 0.006 -1"><span class='ocrx_word' id='word_1_267' title='bbox 2266 3596 2422 3649; x_wconf 83' lang='lat' dir='ltr'>Licet</span> 
     </span>
    </p>
   </div>
   <div class='ocr_carea' id='block_1_10' title="bbox 2269 3766 2633 4165">
    <p class='ocr_par' dir='ltr' id='par_1_42' title="bbox 2269 3766 2633 4165">
     <span class='ocr_line' id='line_1_73' title="bbox 2275 3766 2633 3837; baseline -0.008 -17"><span class='ocrx_word' id='word_1_268' title='bbox 2275 3766 2633 3837; x_wconf 81' lang='lat' dir='ltr'>Impudentiae</span> 
     </span>
     <span class='ocr_line' id='line_1_74' title="bbox 2282 3940 2410 3994; baseline -0.008 0"><span class='ocrx_word' id='word_1_269' title='bbox 2282 3940 2410 3994; x_wconf 87' lang='lat' dir='ltr'>Post</span> 
     </span>
     <span class='ocr_line' id='line_1_75' title="bbox 2269 4110 2574 4165; baseline 0 -1"><span class='ocrx_word' id='word_1_270' title='bbox 2269 4110 2574 4165; x_wconf 88' lang='lat' dir='ltr'>Secundum</span> 
     </span>
    </p>
   </div>
   <div class='ocr_carea' id='block_1_11' title="bbox 2270 4199 2522 4339">
    <p class='ocr_par' dir='ltr' id='par_1_43' title="bbox 2270 4199 2522 4339">
     <span class='ocr_line' id='line_1_76' title="bbox 2270 4199 2522 4254; baseline 0.012 -3"><span class='ocrx_word' id='word_1_271' title='bbox 2270 4199 2522 4254; x_wconf 89' lang='lat' dir='ltr'>Ferreum</span> 
     </span>
     <span class='ocr_line' id='line_1_77' title="bbox 2273 4285 2389 4339; baseline 0.009 -1"><span class='ocrx_word' id='word_1_272' title='bbox 2273 4285 2389 4339; x_wconf 87' lang='lat' dir='ltr'>Nos</span> 
     </span>
    </p>
   </div>
  </div>
 </body>
</html>
