3200 5392
12 320 17 369 Γ

9 386 23 695 b

589 942 722 984 Am.
763 921 1155 1006 nel—sa]
1257 939 1590 986 nrrsroLAE
1624 940 1947 993 QUAEDAM.
2403 924 2482 989 61

583 1275 1024 1339 EPISTOLA
1081 1273 2012 1342 CCCXXXVII.-EJUSDEM
2060 1298 2149 1341 AD
2196 1296 2487 1342 THOMAM

672 1398 1015 1443 CANTUAR.
1044 1399 1656 1445 Ancfflerlscorum.
1735 1400 1958 1443 BULLA
1991 1400 2080 1443 DE
2114 1400 2488 1445 cANomzA-

10 1462 13 1545 l
671 1504 880 1550 TIONE
914 1506 1234 1550 ANSELMI.

581 1636 942 1699 Aleoeander
987 1637 1321 1716 episcopus,
1366 1656 1579 1699 servus
1624 1655 1937 1699 cervorum
1975 1635 2116 1710 Dei,
2157 1634 2492 1697 venerabili

651 1737 865 1839 fratri
902 1742 1112 1800 nostro
1148 1738 1388 1800 Thomae
1423 1739 1777 1800 Cavituaviae
1817 1738 2291 1819 archiepiscopo,
2322 1737 2488 1800 calu-

670 1846 790 1904 tem
819 1845 881 1904 et
909 1841 1315 1921 apostolicam
1347 1840 1843 1904 benedictionem.

671 1989 1128 2054 CoNsrrru'rus
1167 1990 1323 2054 olim
1367 1991 1440 2054 in
1475 1990 1821 2073 praesentia
1858 1997 2080 2054 nostra
2123 1989 2492 2073 suppliciter

585 2113 704 2155 nos
740 2099 805 2155 et
847 2091 1074 2155 devote
1111 2093 1373 2174 rogasti,
1408 2099 1485 2154 ut
1524 2093 1713 2156 illum
1757 2100 1994 2156 sanctae
2031 2091 2491 2156 recordationis

585 2193 814 2270 virum,
855 2192 1239 2256 Anselmum
1276 2192 1571 2256 videlicet
1617 2193 1942 2276 quondam
1979 2193 2345 2257 Cantuariae
2392 2214 2489 2256 ar-

586 2294 1079 2377 chiepiscopum,
1140 2294 1324 2378 cujus
1374 2295 1574 2357 vitam
1634 2302 1700 2357 et
1759 2294 2124 2357 veneranda
2179 2294 2492 2357 miracula

585 2396 771 2460 nobis
800 2403 1187 2480 praesentare
1217 2396 1456 2460 curasti
1484 2396 1554 2459 in
1584 2396 1854 2460 concilio
1884 2396 2264 2474 Turonensi,
2299 2416 2489 2460 cano-

585 2500 797 2563 nizare
824 2500 1152 2563 vellemus.
1244 2499 1385 2563 Nos
1416 2520 1564 2563 vero
1592 2520 1710 2582 pro
1741 2519 1835 2577 eo,
1869 2498 2044 2582 quod
2075 2499 2293 2581 plures
2335 2497 2489 2562 illuc

585 2610 1017 2667 convenerant
1070 2603 1181 2686 qui
1230 2624 1348 2686 pro
1408 2602 1548 2666 aliis
1608 2602 1847 2666 sanctis
1899 2601 2049 2665 viris
2107 2598 2271 2664 illud
2315 2600 2489 2665 idem

583 2705 904 2769 instanter
934 2705 1340 2788 expetebant,
1374 2703 1545 2788 quod
1582 2725 1918 2787 rogaveras
1964 2703 2264 2767 duximus
2309 2703 2490 2767 diffe-

584 2807 880 2872 rendum.
970 2807 1169 2871 Nunc
1221 2816 1439 2872 autem
1492 2806 1573 2871 de
1630 2806 1972 2871 honestate
2019 2813 2089 2870 et
2148 2805 2493 2890 prudentia

588 2917 705 2974 tua
747 2911 1007 2994 plenam
1049 2910 1122 2973 in
1169 2910 1470 2974 omnibus
1514 2908 1817 2973 fiduciam
1864 2909 2253 2988 obtinentes,
2293 2931 2490 2997 nego·

587 3011 754 3075 tium
800 3011 977 3076 istud
1023 3019 1157 3076 tuae
1200 3033 1373 3077 curae
1418 3018 1678 3094 tuaeque
1730 3010 2101 3075 discretioni
2146 2997 2492 3076 committi-

586 3135 770 3192 mus;
813 3136 929 3198 per
959 3115 1303 3198 apostolica
1331 3114 1452 3178 tibi
1482 3113 1719 3196 scripta
1750 3113 2153 3192 mandantes,
2185 3114 2491 3198 quatinus

587 3217 817 3279 fratres
847 3217 1170 3298 episcopos
1201 3223 1455 3279 nostros
1487 3217 1924 3298 suffraganeos
1951 3222 2100 3281 tuos
2131 3226 2196 3281 et
2227 3218 2492 3282 abbates

593 3325 784 3400 atque
813 3318 969 3380 alias
997 3317 1324 3398 religiosas
1364 3337 1668 3399 personas
1706 3318 1778 3380 in
1821 3324 1938 3381 tua
1975 3318 2301 3400 provincia
2343 3340 2494 3384 con-

593 3419 855 3483 stitutas
886 3425 1038 3482 ante
1067 3424 1250 3481 tuam
1279 3417 1689 3500 praesentiam
1718 3438 2041 3496 convoces,
2066 3425 2132 3482 et
2162 3440 2378 3483 coram
2408 3421 2499 3483 eis

592 3520 893 3586 omuibus
930 3519 1221 3604 praedicti
1248 3520 1371 3582 viri
1400 3519 1607 3584 sancti
1637 3519 1769 3583 vita
1801 3519 2084 3601 perlecta
2121 3527 2187 3584 et
2225 3521 2497 3585 miracu-

592 3626 802 3689 lorum
846 3625 984 3708 ejus
1035 3623 1196 3687 serie
1243 3622 1497 3705 publice
1542 3622 1885 3700 declarata,
1928 3642 2077 3685 cum
2120 3624 2386 3688 consilio
2430 3633 2496 3690 et

592 3748 858 3792 assensu
916 3726 1439 3790 convenientium
1495 3725 1773 3789 fratrum
1832 3745 2024 3808 super
2071 3725 2182 3789 illo
2234 3729 2495 3792 canoni-

593 3830 817 3907 zand0,
849 3828 1206 3893 secundum
1250 3828 1424 3911 quod
1465 3827 1536 3891 in
1580 3828 1849 3893 consilio
1890 3849 2113 3891 eorum
2156 3829 2494 3909 inveneris,

597 3939 819 3997 nostra
855 3933 1058 3996 fultus
1100 3932 1481 3997 auctoritate
1524 3932 1866 4016 procedas3
1913 3932 2119 3996 sciens
2165 3933 2337 4016 quod
2378 3956 2497 3998 nos

592 4035 773 4113 illud,
823 4034 997 4118 quod
1041 4043 1117 4099 tu
1165 4056 1356 4118 super
1400 4034 1524 4099 hoc
1570 4056 1722 4099 cum
1772 4031 1959 4098 dictis
2001 4034 2306 4099 fratribus
2352 4057 2498 4118 pro-

595 4137 827 4200 videris
880 4137 1317 4216 statuendum,
1370 4145 1631 4202 auctore
1680 4137 1962 4201 Domino
2007 4143 2225 4200 ratum
2274 4147 2341 4202 et
2393 4139 2526 4201 firss‘

594 4260 777 4302 mum
807 4240 1206 4304 habebimus.
1297 4241 1544 4304 Datum
1573 4241 1810 4305 Turon.
1847 4240 2074 4324 quinto
2105 4240 2264 4304 Idus
2293 4242 2336 4303 J
2340 4261 2498 4304 unu
