3200 5392
712 755 846 819 220
1433 772 1905 818 nrlscoroauu

712 888 934 969 tanda,
964 909 1101 955 non
1137 895 1363 954 tamen
1401 888 1523 954 erit
1561 889 2018 974 incongruum,
2049 887 2104 952 si
2144 887 2315 973 patri
2347 887 2518 953 filius
2554 887 2627 952 in

711 1014 907 1059 causa
961 992 1222 1077 pietatis
1284 992 1623 1077 supplicet,
1682 998 1750 1057 et
1806 990 2053 1056 bonum
2115 990 2453 1056 dominum
2510 1010 2626 1074 pro

710 1094 885 1160 bono
913 1095 1090 1180 pacis
1118 1095 1383 1160 humilis
1413 1116 1634 1160 servus
1662 1095 1986 1159 instanter
2012 1093 2405 1178 interpellet.
2484 1091 2624 1157 No-

710 1198 806 1263 vit
848 1219 985 1264 non
1029 1198 1237 1264 solum
1278 1199 1594 1276 Romana,
1627 1197 1742 1262 sed
1783 1203 1852 1262 et
1896 1198 2108 1262 omnis
2148 1195 2483 1261 Catholica
2524 1216 2626 1260 ec-

713 1301 925 1381 clesia,
971 1322 1167 1385 quam
1215 1301 1458 1385 injuste
1510 1300 1810 1366 dominus
1855 1299 2342 1364 cantuariensis
2390 1299 2624 1378 emet,

712 1426 907 1489 quam
934 1405 1155 1489 inique
1183 1404 1463 1489 vapulet,
1494 1402 1575 1469 de
1604 1425 1803 1490 quam
1831 1403 2005 1470 bono
2035 1423 2227 1486 opere
2264 1402 2622 1486 lapidetur3

712 1515 780 1573 et
825 1507 997 1592 quod
1036 1507 1193 1571 dum
1238 1506 1523 1573 ecclesiae
1563 1528 1754 1571 verus
1796 1506 2033 1571 nititur
2070 1527 2208 1571 esse
2246 1505 2438 1585 filius,
2476 1504 2624 1571 hos-

709 1611 886 1676 tibus
944 1609 1229 1675 ecclesiae
1284 1611 1494 1675 factus
1552 1615 1653 1674 est
1709 1609 1915 1675 hostis
1972 1608 2290 1694 publicus.
2401 1610 2490 1674 Et
2548 1630 2625 1673 ea

711 1733 906 1777 causa
944 1711 1019 1775 in
1061 1710 1326 1776 exilium
1370 1716 1470 1775 est
1513 1708 1839 1794 depulsus,
1884 1733 2013 1796 qua
2052 1712 2265 1777 fuerat
2307 1709 2389 1776 ab
2433 1711 2625 1777 exilio

714 1813 1090 1898 dignissime
1139 1812 1555 1879 revocandus.
1663 1812 1983 1878 Nondum
2038 1820 2261 1878 tamen
2315 1813 2625 1898 iniquitas

713 1916 1018 2001 oppilavit
1046 1937 1117 1981 os
1148 1937 1359 1995 suum,
1388 1936 1511 1981 nec
1554 1914 1962 1981 obstructum
1992 1923 2092 1982 est
2120 1938 2191 1981 os
2218 1917 2624 2002 loquentium

712 2019 957 2104 iniqua,
990 2019 1103 2084 sed
1132 2019 1314 2103 quasi
1344 2017 1656 2102 quosdam
1687 2018 1934 2084 cineres
1970 2024 2263 2084 mortuos
2300 2021 2623 2104 persequi-

712 2128 842 2203 tur,
873 2129 940 2188 et
977 2122 1050 2187 in
1088 2122 1296 2206 capite
1328 2121 1558 2206 judicii
1596 2120 1831 2186 nititur
1873 2142 2096 2186 eruere
2140 2123 2358 2188 oculos
2396 2122 2626 2188 verita·

715 2226 819 2305 tis,
851 2246 995 2310 quae
1027 2226 1167 2309 jam
1204 2225 1277 2288 in
1317 2224 1704 2308 quibusdam
1739 2223 2090 2308 obliquavit
2128 2224 2324 2310 pedes
2361 2225 2625 2290 rectitu-

714 2327 905 2392 dinis.
994 2327 1208 2393 Filiali
1244 2327 1448 2409 igitur
1489 2326 1830 2392 devotione
1868 2333 1936 2391 et
1975 2327 2361 2393 omnimodis
2391 2327 2627 2392 obnixa

714 2430 1182 2513 supplicatione
1224 2430 1648 2513 postulamus,
1679 2434 1757 2493 ut
1800 2450 1955 2514 erga
1999 2429 2334 2494 dominum
2378 2430 2625 2495 Cantu-

714 2533 1031 2598 ariensem
1070 2531 1458 2597 indefessam
1506 2539 1573 2597 et
1622 2532 1912 2612 solidam,
1960 2533 2339 2617 solitamque
2386 2532 2623 2617 geratis

710 2633 1368 2718 circumspectionem.
1458 2634 1546 2698 Et
1597 2634 1754 2699 dum
1793 2634 2160 2719 Anglorum
2205 2634 2386 2701 vobis
2431 2656 2623 2719 pecu-

712 2738 912 2803 niosae
948 2736 1340 2802 insidiantur
1376 2737 1696 2817 versutiae,
1736 2738 1981 2822 papalis
2021 2738 2185 2802 nihil
2226 2738 2626 2803 diminuatur

713 2841 1115 2921 constantiae,
1147 2841 1262 2905 sed
1297 2841 1638 2906 immotam
1668 2847 1735 2906 et
1763 2840 2282 2907 ineradicabilem
2314 2843 2623 2907 servando

712 2944 1271 3030 perseverantiam,
1319 2950 1387 3009 et
1435 2944 1684 3010 domini
1733 2944 1924 3028 regis,
1974 2950 2041 3009 et
2090 2945 2301 3009 totius·
2345 2945 2624 3011 ecclesiae

714 3048 1063 3113 Gallicanae
1089 3047 1269 3113 vobis
1308 3053 1375 3112 et
1414 3047 1804 3115 conservetis
1843 3047 2362 3114 benevolentiam
2402 3054 2469 3114 et
2510 3070 2621 3114 au-

716 3152 921 3237 geatis
951 3150 1319 3218 amicitiam.

801 3457 1243 3524 EPISTOLA
1286 3454 2066 3523 CCCCLII.—-1·2msnnu
2099 3480 2190 3522 AD
2223 3478 2528 3522 nonnum.

822 3609 1186 3675 Alexandro
1202 3628 1389 3690 papae
1420 3608 1772 3690 Stephanus
1799 3609 2144 3673 Meldensis
2170 3608 2505 3689 episcopus.

801 3758 1318 3837 Cnnnnnscunr,
1348 3763 1552 3842 pater,
1583 3758 1888 3825 scandala
1915 3756 2312 3844 temporibus
2339 3755 2615 3822 nostris:

714 3860 830 3926 sed
872 3880 970 3924 vae
1024 3859 1139 3939 illi,
1197 3881 1314 3944 per
1360 3881 1553 3944 quem
1606 3862 1979 3928 scandalum
2030 3861 2229 3928 venit.
2320 3861 2393 3926 Si
2444 3861 2620 3926 enim

711 3959 1064 4049 praecipitio
1106 3968 1173 4027 et
1216 3963 1389 4026 mola
1432 3960 1709 4027 asinaria
1752 3963 1988 4047 dignus
2027 3970 2129 4029 est.
2169 3970 2237 4029 et
2279 3964 2618 4049 profundo,

715 4068 826 4153 qui
868 4087 1078 4132 unum
1116 4065 1197 4132 de
1227 4066 1470 4132 Christi
1511 4066 1790 4151 parvulis
1833 4064 2242 4145 scandalizat,
2272 4067 2445 4150 quod
2487 4087 2619 4131 me-

711 4179 894 4237 retur
929 4171 1269 4257 judicium,
1301 4192 1459 4254 quas
1505 4170 1578 4233 in
1626 4190 1693 4234 se
1739 4175 2040 4253 provocat
2083 4189 2328 4252 poenas,
2370 4169 2481 4252 qui
2522 4177 2620 4234 to·

711 4284 850 4341 tam
889 4275 1224 4341 ecclesiam
1262 4273 1389 4338 Dei
1428 4271 1732 4337 scandalo
1772 4272 1995 4355 replet,
2028 4276 2402 4337 sanctorum
2430 4270 2622 4334 corda

711 4376 1019 4462 percellit,
1050 4383 1147 4456 ut,
1177 4376 1231 4440 si
1270 4375 1409 4440 fieri
1453 4379 1688 4458 posset,
1736 4388 1776 4439 a
1818 4373 2128 4439 fidelitate
2172 4379 2241 4439 et
2286 4371 2620 4438 devotione
