3200 5392
578 979 714 1021 ΛΑ).
754 959 1145 1041 1161—89.]
1249 978 1581 1021 EPISTOLAE
1616 978 1943 1028 QUAEDAM.
2399 958 2480 1019 65

570 1084 855 1179 jusmodi
884 1095 1446 1180 praesumptionem
1481 1102 1545 1158 et
1575 1095 2005 1158 temeritatem
2036 1095 2337 1158 nolumus
2369 1116 2489 1158 nec

581 1195 889 1259 debemus
920 1197 1326 1279 aliquatenus
1356 1196 1651 1274 tolerare,
1681 1197 1900 1275 stater,
1932 1196 2054 1260 tibi
2091 1218 2206 1281 per
2237 1203 2486 1281 aposto-

1 1323 4 1354 f
344 1372 351 1379 ι
576 1297 702 1361 lica
761 1298 996 1381 scripta
1053 1298 1455 1375 mandamuS,
1506 1298 1812 1381 quatinus
1872 1299 2206 1382 praedictos
2257 1300 2487 1362 tratres

1 1377 2 1422 ¹
578 1420 841 1463 moneas
881 1406 946 1464 et
986 1400 1279 1478 horteriS,
1311 1406 1376 1463 et
1418 1400 1507 1463 eis
1550 1422 1629 1463 ex
1668 1408 1851 1482 parte
1888 1410 2109 1465 nostra
2137 1401 2485 1484 praecipias,

578 1511 652 1567 ut
695 1502 750 1566 si
788 1523 946 1585 quos
983 1503 1053 1564 in
1095 1502 1758 1566 excommunicatione
1790 1502 2126 1567 defunctos
2155 1504 2224 1566 in
2255 1523 2486 1567 coeme-

577 1605 755 1668 teriis
807 1605 1218 1668 ecclesiarum
1274 1605 1661 1684 sepelierint,
1716 1627 1847 1668 eos·
1883 1613 2064 1670 extra
2122 1605 2489 1669 coemeteria

577 1708 717 1791 ipsa
758 1708 1017 1790 penitus
1061 1707 1340 1790 ejiciant.
1434 1707 1627 1772 Quod
1673 1708 1722 1770 si
1769 1709 1977 1772 facere
2023 1709 2368 1786 noluerint,
2414 1714 2488 1770 tu

579 1809 700 1873 hoc
728 1810 938 1892 ipsum
973 1809 1052 1872 de
1082 1809 1202 1888 his,
1236 1831 1393 1893 quos
1423 1811 1493 1872 in
1523 1811 2186 1875 excommunicatione
2223 1810 2485 1873 defunc-

575 1919 678 1976 tos
729 1911 850 1975 tibi
901 1932 1038 1976 esse
1091 1913 1474 1989 constiterit,
1529 1913 1913 1977 auctoritate
1965 1920 2188 1977 nostra
2238 1921 2484 1976 remoto

579 2015 1021 2098 appellationis
1053 2014 1382 2078 obstaculo
1413 2016 1764 2096 exequaris·

667 2118 990 2181 Praeterea
1037 2115 1116 2179 de
1168 2116 1270 2177 his
1318 2117 1430 2197 qui
1469 2117 1912 2198 juramentum
1961 2123 2270 2199 praestant
2318 2115 2489 2198 quod

583 2218 849 2282 stabunt
897 2216 1206 2280 mandato
1254 2217 1553 2294 ecclesiae,
1601 2226 1667 2280 et
1714 2226 1937 2299 postea
1984 2219 2271 2300 praestito
2312 2219 2488 2299 jura-

580 2327 804 2384 mento
843 2319 1190 2402 appellant,
1230 2318 1296 2381 id
1337 2326 1453 2381 tua
1495 2318 1858 2382 sollicitudo
1897 2318 2245 2401 provideat,
2278 2327 2352 2381 ut
2383 2339 2490 2380 eos

581 2422 680 2487 vel
711 2422 1045 2486 observare
1078 2420 1250 2503 quod
1281 2422 1527 2504 jurant,
1559 2421 1661 2484 vel
1700 2421 1869 2483 infra
1902 2421 2327 2503 quadraginta
2358 2420 2489 2483 dies

580 2534 725 2608 post
769 2523 1213 2607 interpositam
1257 2524 1750 2606 appellationem
1792 2525 1916 2586 iter
1957 2523 2233 2606 arripere
2273 2523 2354 2587 ad
2394 2523 2488 2605 ip-

583 2649 718 2691 sam
770 2625 1279 2711 prosequendam
1329 2626 1689 2707 compellaS.
1800 2626 1972 2688 Data
2020 2626 2369 2703 Ferentini,
2422 2623 2488 2687 X

581 2728 878 2793 calendas
909 2728 1168 2812 Aprilis.

625 3033 1065 3097 EPISTOLA
1111 3033 1899 3129 CCCXLII.-—Emsn1=:M
1937 3054 2023 3097 An
2059 3055 2346 3098 EUNDEM
2381 3055 2460 3096 m·

1289 3156 1834 3199 surraAGAnnos.

584 3284 945 3346 Alexander
973 3286 1293 3363 episcopus
1328 3285 1761 3346 Cantuariensi
1798 3293 1858 3348 et
1899 3287 2027 3365 ejus
2056 3286 2485 3367 sufflayaneis.

672 3432 1032 3494 Panvmu'r
1082 3431 1165 3495 ad
1211 3453 1351 3509 noa,
1403 3431 1576 3514 quod
1627 3453 1828 3514 quum
1880 3432 2248 3514 parochiani
2298 3433 2493 3496 vestri

585 3534 864 3599 decima·
895 3532 1216 3600 bonorum
1246 3554 1511 3597 suorum
1542 3534 1990 3598 consueverint
2022 3533 2320 3611 ecclesiis,
2354 3534 2492 3615 qui-

582 3636 704 3701 bus
736 3636 1074 3714 debentur,
1096 3658 1242 3701 cum
1270 3636 1647 3718 integritate
1676 3635 2051 3719 persolvere,
2073 3656 2250 3698 nunc
2271 3642 2493 3698 tamen

581 3739 893 3803 laudabili
933 3739 1400 3803 consuetudine
1445 3740 1888 3822 praetermissa,
1921 3739 2181 3821 quidam
2223 3759 2298 3801 ex
2340 3737 2493 3820 ipsis

586 3842 666 3906 de
693 3841 845 3905 lana
873 3848 939 3905 et
968 3841 1162 3920 foeno,
1195 3846 1262 3904 et
1304 3841 1384 3904 de
1422 3841 1839 3924 proventibus
1874 3840 2393 3905 molendinorum
2424 3847 2490 3904 et

581 3943 999 4026 piscariarum
1053 3942 1331 4006 decimas
1388 3943 1542 4026 ipsis
1595 3943 1876 4006 ecclesiis
1928 3943 2307 4007 subtrahere
2360 3964 2492 4006 non

583 4053 904 4110 verentur.
997 4044 1325 4110 Quoniam
1354 4046 1558 4128 igitur
1585 4045 1985 4109 institutioni
2016 4045 2247 4109 divinae
2289 4046 2492 4108 mani-

583 4148 809 4211 festius
840 4147 1054 4212 obviat
1085 4147 1196 4231 qui
1226 4147 1505 4212 decimas
1535 4147 1817 4212 ecclesiis
1850 4169 1981 4211 non
2012 4148 2330 4231 persolvit,
2361 4148 2489 4211 fra-

582 4249 880 4314 ternitati
928 4255 1157 4327 vestrae
1207 4271 1322 4333 per
1381 4249 1728 4333 apostolica
1778 4241 2015 4333 scripta
2063 4248 2492 4333 praecipiendo

582 4350 989 4430 mandamus,
1053 4352 1358 4434 quatinus
1430 4351 1853 4435 parochianos
1911 4359 2154 4415 vestros
2226 4368 2491 4411 monere

582 4454 839 4532 curetis,
901 4461 966 4518 et
1027 4454 1080 4516 si
1139 4475 1299 4536 opus
1358 4454 1571 4531 fuerit,
1635 4454 1754 4518 sub
1815 4449 2493 4517 excommunicationis

582 4557 980 4621 districtione
1025 4554 1441 4639 compellatis,
1486 4563 1563 4619 ut
1609 4556 1689 4619 de
1728 4553 2143 4638 proventibus
2183 4552 2497 4618 molendi..

671 4685 780 4720 011..
807 4685 920 4720 Folo·
963 4685 1079 4719 vel..
1108 4684 1165 4719 11.
1518 4678 1555 4719 F
