3200 5392
784 686 849 749 Vi
1073 705 1339 750 ‘umus
1373 704 1848 750 nummulum(
1880 705 2044 750 ‘toln
2078 704 2394 750 8801]an-

787 823 909 873 304.
946 819 1032 873 Ad
1054 858 1232 874 .....
2268 820 2429 874 Lator

786 908 908 958 305.
944 903 1031 958 Ad
1055 905 1195 959 Cler.
1220 913 1277 959 ct
1302 905 1446 960 Laio.
1473 904 1641 959 Lond.
2263 904 2422 960 Pium

785 993 910 1044 306.
947 988 1032 1043 Ad
1059 1028 1232 1044 .....
1443 1019 1465 1031 -
1609 1020 1631 1031 ·
2263 990 2548 1044 Pastorahs

785 1078 907 1129 307.
944 1075 1030 1129 Ad
1056 1111 1232 1129 .....
2261 1075 2372 1138 Qui

785 1164 911 1216 308.
946 1161 1032 1215 Ad
1058 1199 1233 1216 .....
2263 1161 2361 1215 Vir

787 1249 911 1300 309.
950 1246 1033 1300 Ad
1058 1286 1234 1301 .....
2268 1246 2420 1301 Licet

786 1335 912 1386 310.
947 1331 1033 1385 Ad
1058 1372 1236 1388 .....
2267 1333 2343 1387 Et

786 1419 908 1470 311.
946 1416 1032 1470 Ad
1059 1457 1236 1474 .....
2266 1418 2496 1472 Gratum

789 1505 911 1555 312.
949 1503 1035 1557 Ad
1059 1541 1235 1559 .....
2270 1503 2406 1566 Quoe

790 1590 912 1641 313.
950 1588 1036 1643 Ad
1060 1628 1237 1646 .....
2268 1589 2307 1643 J
2309 1589 2442 1643 ustis

789 1675 911 1726 314.
951 1673 1035 1728 Λᾶ
1060 1713 1233 1730 .....
2272 1675 2406 1738 Quae

789 1761 910 1812 315.
947 1759 1033 1813 Ad
1060 1801 1234 1816 .....
2267 1759 2491 1813 Noverit

790 1846 913 1897 316.
949 1844 1036 1899 Ad
1060 1884 1237 1901 .....
2269 1844 2356 1898 De

789 1931 910 1982 317.
945 1929 1033 1983 Ad
1059 1970 1233 1986 .....
2263 1931 2427 1984 Lator

788 2018 910 2070 318.
946 2016 1034 2070 Ad
1061 2057 1234 2073 .....
2266 2018 2432 2072 Vetus

787 2103 909 2156 319.
945 2101 1032 2156 Ad
1058 2143 1231 2161 .....
2264 2103 2349 2156 De

788 2188 909 2240 320.
944 2187 1030 2241 Ad
1055 2227 1230 2242 .....
2262 2187 2420 2250 Quod

789 2276 911 2326 321.
949 2274 1029 2327 Ad
1058 2314 1233 2329 .....
2265 2273 2510 2327 Graviter

787 2362 911 2412 322.
948 2359 1034 2413 Ad
1061 2399 1236 2414 .....
2267 2358 2450 2421 Quum

786 2448 909 2498 323.
947 2443 1032 2498 Ad
1057 2484 1235 2500 .....
2267 2443 2555 2497 Nonnullis

790 2533 912 2584 324.
948 2530 1033 2585 Ad
1060 2569 1238 2585 .....
2278 2529 2525 2583 Latorem

789 2621 912 2671 325.
946 2617 1035 2671 Ad
1058 2656 1235 2671 .....
2273 2615 2618 2669 Universitati

787 2706 910 2756 326.
949 2701 1033 2757 Ad
1059 2741 1233 2756 .....
2266 2701 2412 2764 Quia

787 2791 911 2841 327.
947 2787 1033 2841 Ad
1058 2826 1235 2842 .....
2264 2786 2607 2841 Infirmorum

787 2877 909 2928 328.
947 2873 1033 2927 Ad
1056 2911 1230 2927 .....
1444 2902 1467 2912 -
1776 2902 1798 2913 -
1940 2902 1961 2912 -
2102 2902 2125 2913 -
2264 2873 2468 2926 Tutum

788 2963 910 3013 329.
945 2958 1032 3012 Ad
1054 2998 1221 3013 .....
1248 2957 1531 3012 Praefatio
1515 2974 1570 3012 m
1592 2957 1813 3012 Librum
1830 2958 2193 3013 Homiliarum
2266 2959 2452 3012 Habes

787 3048 908 3098 330.
942 3042 1029 3097 Ad
1068 3042 1429 3114 suffraganeos
1460 3043 1862 3100 cantuariensis
1893 3044 2125 3097 ecclesiae

998 3128 1066 3183 de
1087 3129 1342 3184 electione
1367 3129 1574 3185 Urbani
1595 3145 1746 3200 papae
1945 3158 1968 3168 -
2108 3158 2129 3168 -
2272 3129 2597 3200 Exemplum

788 3219 908 3271 331.
946 3214 1240 3270 Alexandri
1273 3231 1426 3286 papae
1448 3215 1518 3269 ad
1539 3215 1875 3270 willelmum
1896 3222 1952 3269 et
1973 3213 2125 3269 Otto·

998 3320 1122 3358 nem
1144 3303 1439 3358 cardinales
1603 3331 1627 3341 -
1766 3332 1789 3342 -
1934 3331 1955 3341 -
2099 3330 2122 3341 -
2262 3300 2393 3355 Post

787 3391 907 3442 332.
945 3388 1203 3458 Ejusdem
1226 3387 1298 3442 ad
1319 3387 1532 3441 eosdem
1602 3416 1625 3426 -
2263 3387 2586 3458 suggestum

786 3477 907 3529 333.
943 3472 1031 3526 Ad
1053 3474 1264 3527 eosdem
1444 3501 1466 3511 -
1611 3500 1635 3512 -
2101 3501 2123 3511 -
2264 3472 2481 3536 Quanta

788 3562 909 3613 334.
944 3558 1201 3628 Ejusdem
1236 3558 1305 3612 ad
1340 3558 1617 3613 Albertum
1652 3564 1708 3611 et
1741 3555 2124 3611 Theodwinum

998 3644 1289 3698 cardinales
1335 3642 1402 3697 de
1449 3640 1876 3697 reconciliatione
1921 3643 2127 3697 Cantu-

996 3730 1214 3784 ariensis
1236 3729 1468 3783 ecclesiae
1613 3756 1636 3767 -
2265 3726 2592 3781 Mandamus

786 3819 908 3870 335.
945 3815 1200 3885 Ejusdem
1224 3814 1293 3868 ad
1313 3813 1525 3869 eosdem
1608 3842 1630 3852 -
1936 3841 1958 3853 -
2098 3842 2122 3853 -
2263 3812 2522 3875 Quamvis

786 3905 907 3955 336.
944 3900 1202 3970 Ejusdem
1235 3899 1307 3954 ad
1342 3899 1732 3955 Bituricensem
1779 3898 2122 3970 archiepisco·

995 4003 1125 4056 pum
1147 3993 1203 4040 et
1224 3984 1612 4043 Nivernensem
1636 3985 1940 4055 episcopum
2258 3981 2598 4036 Fraternitati

785 4077 905 4127 337.
943 4071 1204 4142 Ejusdem
1242 4070 1314 4125 ad
1348 4070 1615 4127 Thomam
1650 4070 1908 4125 cantuar.
1952 4068 2123 4124 archi-

997 4158 1320 4229 episcopum.
1396 4155 1561 4210 Bulla
1609 4154 1677 4209 de
1718 4154 2123 4209 canonizatione

996 4243 1232 4297 Anselmi
1446 4269 1469 4282 ·
2263 4238 2599 4293 Constitutus

783 4333 902 4384 338.
940 4328 1193 4399 Ejusdem
1218 4327 1289 4381 ad
1311 4326 1540 4381 eundem
2255 4324 2507 4378 Relatum
