<?xml version="1.0" encoding="UTF-8"?>
<!DOCTYPE html PUBLIC "-//W3C//DTD XHTML 1.0 Transitional//EN"
    "http://www.w3.org/TR/xhtml1/DTD/xhtml1-transitional.dtd">
<html xmlns="http://www.w3.org/1999/xhtml" xml:lang="en" lang="en">
 <head>
  <title>
</title>
<meta http-equiv="Content-Type" content="text/html;charset=utf-8" />
  <meta name='ocr-system' content='tesseract 3.04.00' />
  <meta name='ocr-capabilities' content='ocr_page ocr_carea ocr_par ocr_line ocrx_word'/>
</head>
<body>
  <div class='ocr_page' id='page_1' title='image "./gilbertiexabbat01gilegoog_0038.png"; bbox 0 0 3200 5392; ppageno 0'>
   <div class='ocr_carea' id='block_1_1' title="bbox 715 725 1997 788">
    <p class='ocr_par' dir='ltr' id='par_1_1' title="bbox 715 725 1997 788">
     <span class='ocr_line' id='line_1_1' title="bbox 715 725 1997 788; baseline 0 -3"><span class='ocrx_word' id='word_1_1' title='bbox 715 725 800 788; x_wconf 79' lang='lat'><strong>22</strong></span> <span class='ocrx_word' id='word_1_2' title='bbox 1062 754 1069 759; x_wconf 79' lang='grc'><em>·</em></span> <span class='ocrx_word' id='word_1_3' title='bbox 1342 743 1499 785; x_wconf 72' lang='lat' dir='ltr'><strong>oua</strong></span> <span class='ocrx_word' id='word_1_4' title='bbox 1510 743 1656 785; x_wconf 69' lang='lat' dir='ltr'><strong>uta-rx</strong></span> <span class='ocrx_word' id='word_1_5' title='bbox 1694 742 1997 787; x_wconf 71' lang='lat' dir='ltr'><strong>arxscorx</strong></span> 
     </span>
    </p>
   </div>
   <div class='ocr_carea' id='block_1_2' title="bbox 714 857 2653 4442">
    <p class='ocr_par' dir='ltr' id='par_1_2' title="bbox 714 857 2653 4442">
     <span class='ocr_line' id='line_1_2' title="bbox 715 857 2620 944; baseline -0.002 -19"><span class='ocrx_word' id='word_1_6' title='bbox 715 862 1018 944; x_wconf 88' lang='lat' dir='ltr'><strong>comperi,</strong></span> <span class='ocrx_word' id='word_1_7' title='bbox 1049 868 1117 925; x_wconf 90' lang='lat' dir='ltr'><strong>et</strong></span> <span class='ocrx_word' id='word_1_8' title='bbox 1165 861 1408 925; x_wconf 86' lang='lat' dir='ltr'><strong>ultione</strong></span> <span class='ocrx_word' id='word_1_9' title='bbox 1450 859 1778 942; x_wconf 88' lang='lat' dir='ltr'><strong>condigna</strong></span> <span class='ocrx_word' id='word_1_10' title='bbox 1804 857 2045 943; x_wconf 87' lang='lat' dir='ltr'><strong>punivi.</strong></span> <span class='ocrx_word' id='word_1_11' title='bbox 2141 857 2266 922; x_wconf 86' lang='lat' dir='ltr'><strong>Sed</strong></span> <span class='ocrx_word' id='word_1_12' title='bbox 2289 857 2428 942; x_wconf 82' lang='lat' dir='ltr'><strong>jam</strong></span> <span class='ocrx_word' id='word_1_13' title='bbox 2456 864 2620 921; x_wconf 89' lang='lat' dir='ltr'><strong>tem-</strong></span> 
     </span>
     <span class='ocr_line' id='line_1_3' title="bbox 714 959 2622 1048; baseline -0.002 -21"><span class='ocrx_word' id='word_1_14' title='bbox 714 985 836 1048; x_wconf 92' lang='lat' dir='ltr'><strong>pus</strong></span> <span class='ocrx_word' id='word_1_15' title='bbox 881 970 1000 1042; x_wconf 86' lang='lat' dir='ltr'><strong>est,</strong></span> <span class='ocrx_word' id='word_1_16' title='bbox 1030 969 1107 1027; x_wconf 92' lang='lat' dir='ltr'><strong>ut</strong></span> <span class='ocrx_word' id='word_1_17' title='bbox 1149 962 1221 1026; x_wconf 92' lang='lat' dir='ltr'><strong>in</strong></span> <span class='ocrx_word' id='word_1_18' title='bbox 1264 963 1558 1026; x_wconf 85' lang='lat' dir='ltr'><strong>futurum</strong></span> <span class='ocrx_word' id='word_1_19' title='bbox 1587 960 1749 1026; x_wconf 89' lang='lat' dir='ltr'><strong>mihi</strong></span> <span class='ocrx_word' id='word_1_20' title='bbox 1777 959 2179 1045; x_wconf 71' lang='lat' dir='ltr'><strong>prospiciam,</strong></span> <span class='ocrx_word' id='word_1_21' title='bbox 2208 981 2475 1026; x_wconf 84' lang='lat' dir='ltr'><strong>uxorem</strong></span> <span class='ocrx_word' id='word_1_22' title='bbox 2506 959 2622 1023; x_wconf 91' lang='lat' dir='ltr'><strong>du-</strong></span> 
     </span>
     <span class='ocr_line' id='line_1_4' title="bbox 718 1064 2623 1150; baseline -0.003 -19"><span class='ocrx_word' id='word_1_23' title='bbox 718 1086 881 1144; x_wconf 88' lang='lat' dir='ltr'><strong>cam,</strong></span> <span class='ocrx_word' id='word_1_24' title='bbox 931 1065 1095 1131; x_wconf 86' lang='lat' dir='ltr'><strong>filios</strong></span> <span class='ocrx_word' id='word_1_25' title='bbox 1142 1085 1490 1150; x_wconf 80' lang='lat' dir='ltr'><strong>procreem,</strong></span> <span class='ocrx_word' id='word_1_26' title='bbox 1530 1064 1843 1129; x_wconf 83' lang='lat' dir='ltr'><strong>familiam</strong></span> <span class='ocrx_word' id='word_1_27' title='bbox 1882 1065 2020 1149; x_wconf 89' lang='lat' dir='ltr'><strong>jam</strong></span> <span class='ocrx_word' id='word_1_28' title='bbox 2069 1085 2183 1148; x_wconf 90' lang='lat' dir='ltr'><strong>per</strong></span> <span class='ocrx_word' id='word_1_29' title='bbox 2228 1084 2334 1129; x_wconf 90' lang='lat' dir='ltr'><strong>me</strong></span> <span class='ocrx_word' id='word_1_30' title='bbox 2379 1083 2623 1146; x_wconf 87' lang='lat' dir='ltr'><strong>regam.</strong></span> 
     </span>
     <span class='ocr_line' id='line_1_5' title="bbox 723 1165 2626 1254; baseline -0.002 -21"><span class='ocrx_word' id='word_1_31' title='bbox 723 1170 1041 1253; x_wconf 88' lang='lat' dir='ltr'><strong>Sponsam</strong></span> <span class='ocrx_word' id='word_1_32' title='bbox 1072 1190 1267 1254; x_wconf 89' lang='lat' dir='ltr'><strong>quam</strong></span> <span class='ocrx_word' id='word_1_33' title='bbox 1296 1168 1458 1233; x_wconf 85' lang='lat' dir='ltr'><strong>mihi</strong></span> <span class='ocrx_word' id='word_1_34' title='bbox 1484 1167 1854 1234; x_wconf 79' lang='lat' dir='ltr'><strong>habendam</strong></span> <span class='ocrx_word' id='word_1_35' title='bbox 1898 1167 2304 1251; x_wconf 88' lang='lat' dir='ltr'><strong>complacuit,</strong></span> <span class='ocrx_word' id='word_1_36' title='bbox 2333 1167 2405 1231; x_wconf 89' lang='lat' dir='ltr'><strong>in</strong></span> <span class='ocrx_word' id='word_1_37' title='bbox 2435 1165 2626 1232; x_wconf 89' lang='lat' dir='ltr'><strong>domo</strong></span> 
     </span>
     <span class='ocr_line' id='line_1_6' title="bbox 720 1270 2627 1358; baseline -0.001 -22"><span class='ocrx_word' id='word_1_38' title='bbox 720 1273 889 1356; x_wconf 88' lang='lat' dir='ltr'><strong>regis</strong></span> <span class='ocrx_word' id='word_1_39' title='bbox 920 1271 1296 1358; x_wconf 83' lang='lat' dir='ltr'><strong>Babylonici</strong></span> <span class='ocrx_word' id='word_1_40' title='bbox 1331 1271 1480 1351; x_wconf 82' lang='lat' dir='ltr'><strong>vidi,</strong></span> <span class='ocrx_word' id='word_1_41' title='bbox 1513 1293 1709 1357; x_wconf 90' lang='lat' dir='ltr'><strong>quam</strong></span> <span class='ocrx_word' id='word_1_42' title='bbox 1751 1293 1866 1337; x_wconf 85' lang='lat' dir='ltr'><strong>rex</strong></span> <span class='ocrx_word' id='word_1_43' title='bbox 1907 1271 2017 1336; x_wconf 92' lang='lat' dir='ltr'><strong>ille</strong></span> <span class='ocrx_word' id='word_1_44' title='bbox 2060 1270 2379 1355; x_wconf 83' lang='lat' dir='ltr'><strong>captivam</strong></span> <span class='ocrx_word' id='word_1_45' title='bbox 2420 1277 2627 1350; x_wconf 86' lang='lat' dir='ltr'><strong>tenet,</strong></span> 
     </span>
     <span class='ocr_line' id='line_1_7' title="bbox 722 1373 2629 1461; baseline -0.002 -19"><span class='ocrx_word' id='word_1_46' title='bbox 722 1385 789 1442; x_wconf 88' lang='lat' dir='ltr'><strong>et</strong></span> <span class='ocrx_word' id='word_1_47' title='bbox 847 1398 932 1442; x_wconf 92' lang='lat' dir='ltr'><strong>ne</strong></span> <span class='ocrx_word' id='word_1_48' title='bbox 990 1377 1133 1461; x_wconf 89' lang='lat' dir='ltr'><strong>quis</strong></span> <span class='ocrx_word' id='word_1_49' title='bbox 1184 1376 1274 1441; x_wconf 90' lang='lat' dir='ltr'><strong>sic</strong></span> <span class='ocrx_word' id='word_1_50' title='bbox 1320 1376 1529 1441; x_wconf 85' lang='lat' dir='ltr'><strong>valeat</strong></span> <span class='ocrx_word' id='word_1_51' title='bbox 1579 1375 1899 1459; x_wconf 82' lang='lat' dir='ltr'>cognosci,</span> <span class='ocrx_word' id='word_1_52' title='bbox 1949 1374 2180 1441; x_wconf 88' lang='lat' dir='ltr'><strong>vilibus</strong></span> <span class='ocrx_word' id='word_1_53' title='bbox 2232 1395 2307 1439; x_wconf 89' lang='lat' dir='ltr'><strong>ac</strong></span> <span class='ocrx_word' id='word_1_54' title='bbox 2358 1373 2629 1439; x_wconf 83' lang='lat' dir='ltr'><strong>sordidis</strong></span> 
     </span>
     <span class='ocr_line' id='line_1_8' title="bbox 723 1477 2627 1564; baseline -0.002 -19"><span class='ocrx_word' id='word_1_55' title='bbox 723 1479 1007 1545; x_wconf 86' lang='lat' dir='ltr'><strong>vestibus</strong></span> <span class='ocrx_word' id='word_1_56' title='bbox 1064 1501 1210 1545; x_wconf 86' lang='lat' dir='ltr'><strong>eam</strong></span> <span class='ocrx_word' id='word_1_57' title='bbox 1265 1479 1525 1545; x_wconf 64' lang='lat' dir='ltr'><strong>induit!</strong></span> <span class='ocrx_word' id='word_1_58' title='bbox 1633 1479 1740 1545; x_wconf 91' lang='lat' dir='ltr'><strong>Ad</strong></span> <span class='ocrx_word' id='word_1_59' title='bbox 1811 1479 1949 1544; x_wconf 85' lang='lat' dir='ltr'><strong>haec</strong></span> <span class='ocrx_word' id='word_1_60' title='bbox 2006 1485 2190 1564; x_wconf 90' lang='lat' dir='ltr'><strong>pater</strong></span> <span class='ocrx_word' id='word_1_61' title='bbox 2249 1478 2331 1541; x_wconf 88' lang='lat' dir='ltr'><strong>ad</strong></span> <span class='ocrx_word' id='word_1_62' title='bbox 2400 1477 2627 1542; x_wconf 87' lang='lat' dir='ltr'><strong>filium.</strong></span> 
     </span>
     <span class='ocr_line' id='line_1_9' title="bbox 723 1581 2630 1667; baseline -0.002 -19"><span class='ocrx_word' id='word_1_63' title='bbox 723 1590 742 1620; x_wconf 89' lang='lat'>‘</span> <span class='ocrx_word' id='word_1_64' title='bbox 762 1583 955 1648; x_wconf 88' lang='lat' dir='ltr'><strong>Absit</strong></span> <span class='ocrx_word' id='word_1_65' title='bbox 998 1605 1038 1647; x_wconf 93' lang='lat' dir='ltr'><strong>a</strong></span> <span class='ocrx_word' id='word_1_66' title='bbox 1079 1583 1189 1663; x_wconf 86' lang='lat' dir='ltr'><strong>te,’</strong></span> <span class='ocrx_word' id='word_1_67' title='bbox 1234 1583 1472 1667; x_wconf 85' lang='lat' dir='ltr'><strong>inquit,</strong></span> <span class='ocrx_word' id='word_1_68' title='bbox 1505 1588 1524 1618; x_wconf 88' lang='lat'><em>‘</em></span> <span class='ocrx_word' id='word_1_69' title='bbox 1541 1591 1619 1647; x_wconf 92' lang='lat' dir='ltr'><strong>ut</strong></span> <span class='ocrx_word' id='word_1_70' title='bbox 1658 1603 1795 1647; x_wconf 89' lang='lat' dir='ltr'><strong>rem</strong></span> <span class='ocrx_word' id='word_1_71' title='bbox 1835 1582 2029 1647; x_wconf 88' lang='lat' dir='ltr'><strong>istam</strong></span> <span class='ocrx_word' id='word_1_72' title='bbox 2068 1581 2283 1660; x_wconf 84' lang='lat' dir='ltr'><strong>facias,</strong></span> <span class='ocrx_word' id='word_1_73' title='bbox 2315 1586 2630 1645; x_wconf 74' lang='lat' dir='ltr'><strong>coaeterne</strong></span> 
     </span>
     <span class='ocr_line' id='line_1_10' title="bbox 725 1683 2628 1768; baseline -0.002 -16"><span class='ocrx_word' id='word_1_74' title='bbox 725 1694 792 1752; x_wconf 92' lang='lat' dir='ltr'><strong>et</strong></span> <span class='ocrx_word' id='word_1_75' title='bbox 837 1685 1403 1752; x_wconf 82' lang='lat' dir='ltr'><strong>consubstantialis</strong></span> <span class='ocrx_word' id='word_1_76' title='bbox 1446 1686 1607 1751; x_wconf 88' lang='lat' dir='ltr'><strong>mihi</strong></span> <span class='ocrx_word' id='word_1_77' title='bbox 1651 1685 1843 1750; x_wconf 90' lang='lat' dir='ltr'><strong>unice</strong></span> <span class='ocrx_word' id='word_1_78' title='bbox 1888 1685 1998 1749; x_wconf 90' lang='lat' dir='ltr'><strong>fili.</strong></span> <span class='ocrx_word' id='word_1_79' title='bbox 2087 1683 2459 1768; x_wconf 83' lang='lat' dir='ltr'><strong>Ethiopissa</strong></span> <span class='ocrx_word' id='word_1_80' title='bbox 2498 1683 2628 1763; x_wconf 89' lang='lat' dir='ltr'><strong>illa,</strong></span> 
     </span>
     <span class='ocr_line' id='line_1_11' title="bbox 728 1786 2632 1874; baseline -0.003 -19"><span class='ocrx_word' id='word_1_81' title='bbox 728 1790 808 1855; x_wconf 87' lang='lat' dir='ltr'><strong>de</strong></span> <span class='ocrx_word' id='word_1_82' title='bbox 849 1811 977 1874; x_wconf 92' lang='lat' dir='ltr'><strong>qua</strong></span> <span class='ocrx_word' id='word_1_83' title='bbox 1019 1789 1196 1868; x_wconf 89' lang='lat' dir='ltr'><strong>dicis,</strong></span> <span class='ocrx_word' id='word_1_84' title='bbox 1237 1810 1372 1854; x_wconf 92' lang='lat' dir='ltr'><strong>non</strong></span> <span class='ocrx_word' id='word_1_85' title='bbox 1417 1795 1517 1853; x_wconf 90' lang='lat' dir='ltr'><strong>est</strong></span> <span class='ocrx_word' id='word_1_86' title='bbox 1559 1788 1885 1872; x_wconf 84' lang='lat' dir='ltr'><strong>condigna</strong></span> <span class='ocrx_word' id='word_1_87' title='bbox 1925 1794 2043 1852; x_wconf 91' lang='lat' dir='ltr'><strong>tuo</strong></span> <span class='ocrx_word' id='word_1_88' title='bbox 2086 1787 2327 1871; x_wconf 83' lang='lat' dir='ltr'><strong>generi,</strong></span> <span class='ocrx_word' id='word_1_89' title='bbox 2358 1786 2459 1851; x_wconf 84' lang='lat' dir='ltr'><strong>vel</strong></span> <span class='ocrx_word' id='word_1_90' title='bbox 2501 1794 2632 1852; x_wconf 85' lang='lat' dir='ltr'><strong>tuae</strong></span> 
     </span>
     <span class='ocr_line' id='line_1_12' title="bbox 727 1891 2632 1976; baseline -0.002 -19"><span class='ocrx_word' id='word_1_91' title='bbox 727 1892 1194 1958; x_wconf 88' lang='lat' dir='ltr'><strong>immensitati.’</strong></span> <span class='ocrx_word' id='word_1_92' title='bbox 1267 1892 1373 1956; x_wconf 89' lang='lat' dir='ltr'><strong>Ad</strong></span> <span class='ocrx_word' id='word_1_93' title='bbox 1405 1914 1595 1975; x_wconf 88' lang='lat' dir='ltr'><strong>quem</strong></span> <span class='ocrx_word' id='word_1_94' title='bbox 1627 1892 1818 1971; x_wconf 91' lang='lat' dir='ltr'><strong>filius,</strong></span> <span class='ocrx_word' id='word_1_95' title='bbox 1851 1897 1871 1928; x_wconf 87' lang='lat'>‘</span> <span class='ocrx_word' id='word_1_96' title='bbox 1890 1892 2167 1971; x_wconf 53' lang='lat' dir='ltr'><strong>Fixum?</strong></span> <span class='ocrx_word' id='word_1_97' title='bbox 2206 1891 2440 1976; x_wconf 90' lang='lat' dir='ltr'><strong>inquit,</strong></span> <span class='ocrx_word' id='word_1_98' title='bbox 2483 1891 2632 1954; x_wconf 87' lang='lat' dir='ltr'><strong>‘ha-</strong></span> 
     </span>
     <span class='ocr_line' id='line_1_13' title="bbox 727 1994 2635 2075; baseline -0.003 -14"><span class='ocrx_word' id='word_1_99' title='bbox 727 1996 869 2075; x_wconf 89' lang='lat' dir='ltr'><strong>be0,</strong></span> <span class='ocrx_word' id='word_1_100' title='bbox 901 2002 967 2061; x_wconf 90' lang='lat' dir='ltr'><strong>et</strong></span> <span class='ocrx_word' id='word_1_101' title='bbox 1009 2017 1116 2060; x_wconf 91' lang='lat' dir='ltr'><strong>me</strong></span> <span class='ocrx_word' id='word_1_102' title='bbox 1158 2017 1424 2060; x_wconf 85' lang='lat' dir='ltr'><strong>uxorem</strong></span> <span class='ocrx_word' id='word_1_103' title='bbox 1455 1996 1615 2059; x_wconf 87' lang='lat' dir='ltr'><strong>velle</strong></span> <span class='ocrx_word' id='word_1_104' title='bbox 1646 1994 1900 2074; x_wconf 86' lang='lat' dir='ltr'><strong>ducere,</strong></span> <span class='ocrx_word' id='word_1_105' title='bbox 1933 2001 2000 2059; x_wconf 90' lang='lat' dir='ltr'><strong>et</strong></span> <span class='ocrx_word' id='word_1_106' title='bbox 2029 1994 2278 2058; x_wconf 89' lang='lat' dir='ltr'><strong>nullam</strong></span> <span class='ocrx_word' id='word_1_107' title='bbox 2307 1994 2433 2057; x_wconf 89' lang='lat' dir='ltr'><strong>nisi</strong></span> <span class='ocrx_word' id='word_1_108' title='bbox 2466 1994 2635 2057; x_wconf 84' lang='lat' dir='ltr'><strong>hanc</strong></span> 
     </span>
     <span class='ocr_line' id='line_1_14' title="bbox 729 2096 2633 2183; baseline -0.002 -20"><span class='ocrx_word' id='word_1_109' title='bbox 729 2100 890 2163; x_wconf 86' lang='lat' dir='ltr'><strong>mihi</strong></span> <span class='ocrx_word' id='word_1_110' title='bbox 934 2100 1096 2164; x_wconf 85' lang='lat' dir='ltr'><strong>velle</strong></span> <span class='ocrx_word' id='word_1_111' title='bbox 1143 2098 1578 2183; x_wconf 63' lang='lat' dir='ltr'><strong>conjungere?</strong></span> <span class='ocrx_word' id='word_1_112' title='bbox 1667 2102 1687 2133; x_wconf 88' lang='lat'>‘</span> <span class='ocrx_word' id='word_1_113' title='bbox 1710 2097 1782 2162; x_wconf 88' lang='lat' dir='ltr'><strong>Si</strong></span> <span class='ocrx_word' id='word_1_114' title='bbox 1833 2099 1928 2162; x_wconf 87' lang='lat' dir='ltr'><strong>ita</strong></span> <span class='ocrx_word' id='word_1_115' title='bbox 1977 2098 2119 2176; x_wconf 86' lang='lat' dir='ltr'><strong>est,’</strong></span> <span class='ocrx_word' id='word_1_116' title='bbox 2169 2096 2383 2179; x_wconf 90' lang='lat' dir='ltr'><strong>inquit</strong></span> <span class='ocrx_word' id='word_1_117' title='bbox 2429 2103 2633 2180; x_wconf 89' lang='lat' dir='ltr'><strong>pater,</strong></span> 
     </span>
     <span class='ocr_line' id='line_1_15' title="bbox 729 2197 2634 2280; baseline -0.002 -16"><span class='ocrx_word' id='word_1_118' title='bbox 729 2207 748 2237; x_wconf 89' lang='lat'>‘</span> <span class='ocrx_word' id='word_1_119' title='bbox 769 2208 847 2264; x_wconf 92' lang='lat' dir='ltr'><strong>tu</strong></span> <span class='ocrx_word' id='word_1_120' title='bbox 889 2207 1247 2264; x_wconf 87' lang='lat' dir='ltr'><strong>coaeternus</strong></span> <span class='ocrx_word' id='word_1_121' title='bbox 1292 2206 1355 2262; x_wconf 90' lang='lat' dir='ltr'><strong>et</strong></span> <span class='ocrx_word' id='word_1_122' title='bbox 1399 2198 1989 2277; x_wconf 71' lang='lat' dir='ltr'><strong>consubstantialia,</strong></span> <span class='ocrx_word' id='word_1_123' title='bbox 2039 2205 2105 2263; x_wconf 90' lang='lat' dir='ltr'><strong>et</strong></span> <span class='ocrx_word' id='word_1_124' title='bbox 2149 2197 2634 2280; x_wconf 78' lang='lat' dir='ltr'><strong>coomnipotens</strong></span> 
     </span>
     <span class='ocr_line' id='line_1_16' title="bbox 726 2299 2628 2386; baseline -0.001 -21"><span class='ocrx_word' id='word_1_125' title='bbox 726 2302 904 2377; x_wconf 87' lang='lat' dir='ltr'><strong>mihi,</strong></span> <span class='ocrx_word' id='word_1_126' title='bbox 935 2302 1008 2364; x_wconf 90' lang='lat' dir='ltr'><strong>in</strong></span> <span class='ocrx_word' id='word_1_127' title='bbox 1038 2323 1239 2364; x_wconf 90' lang='lat' dir='ltr'><strong>manu</strong></span> <span class='ocrx_word' id='word_1_128' title='bbox 1283 2300 1481 2364; x_wconf 88' lang='lat' dir='ltr'><strong>habes</strong></span> <span class='ocrx_word' id='word_1_129' title='bbox 1525 2306 1591 2365; x_wconf 92' lang='lat' dir='ltr'><strong>et</strong></span> <span class='ocrx_word' id='word_1_130' title='bbox 1636 2321 1779 2364; x_wconf 90' lang='lat' dir='ltr'><strong>eam</strong></span> <span class='ocrx_word' id='word_1_131' title='bbox 1824 2301 1904 2366; x_wconf 92' lang='lat' dir='ltr'><strong>de</strong></span> <span class='ocrx_word' id='word_1_132' title='bbox 1948 2301 2319 2386; x_wconf 86' lang='lat' dir='ltr'><strong>captivitate</strong></span> <span class='ocrx_word' id='word_1_133' title='bbox 2350 2299 2628 2385; x_wconf 86' lang='lat' dir='ltr'><strong>Babylo-</strong></span> 
     </span>
     <span class='ocr_line' id='line_1_17' title="bbox 731 2403 2636 2490; baseline 0.001 -24"><span class='ocrx_word' id='word_1_134' title='bbox 731 2405 878 2468; x_wconf 89' lang='lat' dir='ltr'><strong>nica</strong></span> <span class='ocrx_word' id='word_1_135' title='bbox 921 2404 1215 2483; x_wconf 88' lang='lat' dir='ltr'><strong>liberare,</strong></span> <span class='ocrx_word' id='word_1_136' title='bbox 1260 2411 1327 2467; x_wconf 90' lang='lat' dir='ltr'><strong>et</strong></span> <span class='ocrx_word' id='word_1_137' title='bbox 1374 2410 1566 2486; x_wconf 88' lang='lat' dir='ltr'><strong>prout</strong></span> <span class='ocrx_word' id='word_1_138' title='bbox 1613 2405 1706 2468; x_wconf 88' lang='lat' dir='ltr'><strong>vis</strong></span> <span class='ocrx_word' id='word_1_139' title='bbox 1751 2404 1874 2470; x_wconf 91' lang='lat' dir='ltr'><strong>tibi</strong></span> <span class='ocrx_word' id='word_1_140' title='bbox 1922 2426 2220 2490; x_wconf 84' lang='lat' dir='ltr'><strong>sponsam</strong></span> <span class='ocrx_word' id='word_1_141' title='bbox 2268 2403 2636 2468; x_wconf 68' lang='lat' dir='ltr'><strong>assumere!</strong></span> 
     </span>
     <span class='ocr_line' id='line_1_18' title="bbox 739 2506 2639 2591; baseline -0.001 -20"><span class='ocrx_word' id='word_1_142' title='bbox 739 2506 975 2571; x_wconf 81' lang='lat' dir='ltr'><strong>Statim</strong></span> <span class='ocrx_word' id='word_1_143' title='bbox 1036 2506 1244 2572; x_wconf 88' lang='lat' dir='ltr'><strong>adfuit</strong></span> <span class='ocrx_word' id='word_1_144' title='bbox 1317 2506 1662 2572; x_wconf 89' lang='lat' dir='ltr'><strong>innumera</strong></span> <span class='ocrx_word' id='word_1_145' title='bbox 1717 2509 2071 2573; x_wconf 83' lang='lat' dir='ltr'><strong>multitudo</strong></span> <span class='ocrx_word' id='word_1_146' title='bbox 2129 2508 2505 2591; x_wconf 89' lang='lat' dir='ltr'><strong>angelorum</strong></span> <span class='ocrx_word' id='word_1_147' title='bbox 2572 2513 2639 2570; x_wconf 92' lang='lat' dir='ltr'><strong>et</strong></span> 
     </span>
     <span class='ocr_line' id='line_1_19' title="bbox 735 2608 2638 2696; baseline 0 -22"><span class='ocrx_word' id='word_1_148' title='bbox 735 2608 1081 2674; x_wconf 86' lang='lat' dir='ltr'><strong>caelestium</strong></span> <span class='ocrx_word' id='word_1_149' title='bbox 1121 2609 1476 2692; x_wconf 85' lang='lat' dir='ltr'><strong>agminum,</strong></span> <span class='ocrx_word' id='word_1_150' title='bbox 1506 2609 1578 2674; x_wconf 92' lang='lat' dir='ltr'><strong>in</strong></span> <span class='ocrx_word' id='word_1_151' title='bbox 1617 2609 1719 2674; x_wconf 87' lang='lat' dir='ltr'><strong>his</strong></span> <span class='ocrx_word' id='word_1_152' title='bbox 1758 2612 2002 2696; x_wconf 90' lang='lat' dir='ltr'><strong>nuptiis</strong></span> <span class='ocrx_word' id='word_1_153' title='bbox 2030 2612 2164 2676; x_wconf 89' lang='lat' dir='ltr'><strong>filio</strong></span> <span class='ocrx_word' id='word_1_154' title='bbox 2193 2611 2430 2676; x_wconf 87' lang='lat' dir='ltr'><strong>summi</strong></span> <span class='ocrx_word' id='word_1_155' title='bbox 2467 2609 2638 2694; x_wconf 89' lang='lat' dir='ltr'><strong>regis</strong></span> 
     </span>
     <span class='ocr_line' id='line_1_20' title="bbox 737 2711 2642 2799; baseline 0.001 -24"><span class='ocrx_word' id='word_1_156' title='bbox 737 2711 1101 2776; x_wconf 89' lang='lat' dir='ltr'><strong>ministrare</strong></span> <span class='ocrx_word' id='word_1_157' title='bbox 1131 2733 1268 2776; x_wconf 90' lang='lat' dir='ltr'><strong>sese</strong></span> <span class='ocrx_word' id='word_1_158' title='bbox 1296 2714 1685 2796; x_wconf 89' lang='lat' dir='ltr'><strong>parantium.</strong></span> <span class='ocrx_word' id='word_1_159' title='bbox 1775 2716 1832 2778; x_wconf 83' lang='lat' dir='ltr'><strong>E</strong></span> <span class='ocrx_word' id='word_1_160' title='bbox 1864 2716 2096 2799; x_wconf 90' lang='lat' dir='ltr'><strong>quibus</strong></span> <span class='ocrx_word' id='word_1_161' title='bbox 2139 2736 2367 2792; x_wconf 88' lang='lat' dir='ltr'><strong>unum,</strong></span> <span class='ocrx_word' id='word_1_162' title='bbox 2399 2715 2642 2779; x_wconf 88' lang='lat' dir='ltr'><strong>scilicet</strong></span> 
     </span>
     <span class='ocr_line' id='line_1_21' title="bbox 739 2813 2638 2900; baseline 0.001 -22"><span class='ocrx_word' id='word_1_163' title='bbox 739 2813 1127 2893; x_wconf 83' lang='lat' dir='ltr'><strong>Gabrielem,</strong></span> <span class='ocrx_word' id='word_1_164' title='bbox 1159 2814 1271 2896; x_wconf 88' lang='lat' dir='ltr'><strong>qui</strong></span> <span class='ocrx_word' id='word_1_165' title='bbox 1307 2816 1787 2900; x_wconf 85' lang='lat' dir='ltr'><strong>paranymphus</strong></span> <span class='ocrx_word' id='word_1_166' title='bbox 1818 2817 1957 2900; x_wconf 90' lang='lat' dir='ltr'><strong>ejus</strong></span> <span class='ocrx_word' id='word_1_167' title='bbox 1988 2816 2188 2892; x_wconf 88' lang='lat' dir='ltr'><strong>fieret,</strong></span> <span class='ocrx_word' id='word_1_168' title='bbox 2221 2816 2437 2897; x_wconf 86' lang='lat' dir='ltr'><strong>elegit.</strong></span> <span class='ocrx_word' id='word_1_169' title='bbox 2508 2816 2638 2879; x_wconf 85' lang='lat' dir='ltr'><strong>Ga-</strong></span> 
     </span>
     <span class='ocr_line' id='line_1_22' title="bbox 737 2916 2642 3001; baseline 0.002 -22"><span class='ocrx_word' id='word_1_170' title='bbox 737 2916 899 2980; x_wconf 90' lang='lat' dir='ltr'><strong>briel</strong></span> <span class='ocrx_word' id='word_1_171' title='bbox 939 2917 1179 2980; x_wconf 85' lang='lat' dir='ltr'><strong>electus</strong></span> <span class='ocrx_word' id='word_1_172' title='bbox 1217 2917 1349 2982; x_wconf 89' lang='lat' dir='ltr'><strong>filio</strong></span> <span class='ocrx_word' id='word_1_173' title='bbox 1388 2920 1627 2982; x_wconf 88' lang='lat' dir='ltr'><strong>summi</strong></span> <span class='ocrx_word' id='word_1_174' title='bbox 1664 2919 1833 3001; x_wconf 89' lang='lat' dir='ltr'><strong>regis</strong></span> <span class='ocrx_word' id='word_1_175' title='bbox 1874 2919 1984 2996; x_wconf 88' lang='lat' dir='ltr'><strong>ait,</strong></span> <span class='ocrx_word' id='word_1_176' title='bbox 2018 2918 2156 2981; x_wconf 88' lang='lat' dir='ltr'><strong>‘En</strong></span> <span class='ocrx_word' id='word_1_177' title='bbox 2183 2917 2496 2982; x_wconf 87' lang='lat' dir='ltr'><strong>fortitudo</strong></span> <span class='ocrx_word' id='word_1_178' title='bbox 2523 2926 2642 2982; x_wconf 86' lang='lat' dir='ltr'><strong>tua</strong></span> 
     </span>
     <span class='ocr_line' id='line_1_23' title="bbox 737 3012 2643 3109; baseline 0.001 -25"><span class='ocrx_word' id='word_1_179' title='bbox 737 3041 903 3099; x_wconf 89' lang='lat' dir='ltr'><strong>sum,</strong></span> <span class='ocrx_word' id='word_1_180' title='bbox 950 3019 1128 3084; x_wconf 90' lang='lat' dir='ltr'><strong>illam</strong></span> <span class='ocrx_word' id='word_1_181' title='bbox 1175 3012 1368 3106; x_wconf 76' lang='lat' dir='ltr'><strong>quam</strong></span> <span class='ocrx_word' id='word_1_182' title='bbox 1417 3022 1541 3088; x_wconf 91' lang='lat' dir='ltr'><strong>tibi</strong></span> <span class='ocrx_word' id='word_1_183' title='bbox 1591 3023 1841 3108; x_wconf 87' lang='lat' dir='ltr'><strong>quaeris,</strong></span> <span class='ocrx_word' id='word_1_184' title='bbox 1888 3023 1968 3086; x_wconf 90' lang='lat' dir='ltr'><strong>de</strong></span> <span class='ocrx_word' id='word_1_185' title='bbox 2018 3023 2231 3087; x_wconf 81' lang='lat' dir='ltr'><strong>media</strong></span> <span class='ocrx_word' id='word_1_186' title='bbox 2281 3021 2643 3109; x_wconf 86' lang='lat' dir='ltr'><strong>Babylonia</strong></span> 
     </span>
     <span class='ocr_line' id='line_1_24' title="bbox 736 3124 2643 3211; baseline 0.002 -24"><span class='ocrx_word' id='word_1_187' title='bbox 736 3144 959 3207; x_wconf 87' lang='lat' dir='ltr'><strong>rapere</strong></span> <span class='ocrx_word' id='word_1_188' title='bbox 987 3124 1047 3187; x_wconf 86' lang='lat' dir='ltr'><strong>vi</strong></span> <span class='ocrx_word' id='word_1_189' title='bbox 1079 3124 1133 3188; x_wconf 91' lang='lat' dir='ltr'><strong>si</strong></span> <span class='ocrx_word' id='word_1_190' title='bbox 1160 3124 1454 3209; x_wconf 87' lang='lat' dir='ltr'><strong>imperas,</strong></span> <span class='ocrx_word' id='word_1_191' title='bbox 1485 3134 1552 3191; x_wconf 90' lang='lat' dir='ltr'><strong>et</strong></span> <span class='ocrx_word' id='word_1_192' title='bbox 1580 3127 1762 3192; x_wconf 86' lang='lat' dir='ltr'><strong>valeo</strong></span> <span class='ocrx_word' id='word_1_193' title='bbox 1794 3133 1861 3191; x_wconf 91' lang='lat' dir='ltr'><strong>et</strong></span> <span class='ocrx_word' id='word_1_194' title='bbox 1889 3133 2152 3211; x_wconf 85' lang='lat' dir='ltr'><strong>paratus</strong></span> <span class='ocrx_word' id='word_1_195' title='bbox 2182 3126 2366 3191; x_wconf 88' lang='lat' dir='ltr'><strong>sum.’</strong></span> <span class='ocrx_word' id='word_1_196' title='bbox 2443 3131 2463 3162; x_wconf 90' lang='lat'><em>‘</em></span> <span class='ocrx_word' id='word_1_197' title='bbox 2485 3127 2643 3191; x_wconf 92' lang='lat' dir='ltr'><strong>Non</strong></span> 
     </span>
     <span class='ocr_line' id='line_1_25' title="bbox 737 3222 2642 3310; baseline 0.001 -24"><span class='ocrx_word' id='word_1_198' title='bbox 737 3222 832 3287; x_wconf 92' lang='lat' dir='ltr'><strong>ita</strong></span> <span class='ocrx_word' id='word_1_199' title='bbox 875 3223 1201 3308; x_wconf 87' lang='lat' dir='ltr'><strong>agendum</strong></span> <span class='ocrx_word' id='word_1_200' title='bbox 1231 3226 1373 3305; x_wconf 89' lang='lat' dir='ltr'><strong>est,’</strong></span> <span class='ocrx_word' id='word_1_201' title='bbox 1403 3225 1622 3310; x_wconf 90' lang='lat' dir='ltr'><strong>inquit</strong></span> <span class='ocrx_word' id='word_1_202' title='bbox 1661 3227 1831 3291; x_wconf 88' lang='lat' dir='ltr'><strong>filius</strong></span> <span class='ocrx_word' id='word_1_203' title='bbox 1872 3226 2101 3291; x_wconf 86' lang='lat' dir='ltr'><strong>aeterni</strong></span> <span class='ocrx_word' id='word_1_204' title='bbox 2144 3226 2334 3309; x_wconf 87' lang='lat' dir='ltr'><strong>regis,</strong></span> <span class='ocrx_word' id='word_1_205' title='bbox 2367 3230 2387 3262; x_wconf 89' lang='lat'>‘</span> <span class='ocrx_word' id='word_1_206' title='bbox 2404 3225 2642 3289; x_wconf 85' lang='lat' dir='ltr'><strong>violen-</strong></span> 
     </span>
     <span class='ocr_line' id='line_1_26' title="bbox 736 3326 2638 3412; baseline -0.001 -20"><span class='ocrx_word' id='word_1_207' title='bbox 736 3326 831 3392; x_wconf 86' lang='lat' dir='ltr'><strong>tia</strong></span> <span class='ocrx_word' id='word_1_208' title='bbox 867 3328 1049 3392; x_wconf 90' lang='lat' dir='ltr'><strong>nulla</strong></span> <span class='ocrx_word' id='word_1_209' title='bbox 1088 3327 1485 3412; x_wconf 87' lang='lat' dir='ltr'><strong>Babylonico</strong></span> <span class='ocrx_word' id='word_1_210' title='bbox 1524 3328 1664 3410; x_wconf 91' lang='lat' dir='ltr'><strong>regi</strong></span> <span class='ocrx_word' id='word_1_211' title='bbox 1701 3329 2039 3393; x_wconf 88' lang='lat' dir='ltr'><strong>inferenda</strong></span> <span class='ocrx_word' id='word_1_212' title='bbox 2078 3338 2195 3409; x_wconf 88' lang='lat' dir='ltr'><strong>est,</strong></span> <span class='ocrx_word' id='word_1_213' title='bbox 2227 3328 2505 3394; x_wconf 90' lang='lat' dir='ltr'><strong>consiliis</strong></span> <span class='ocrx_word' id='word_1_214' title='bbox 2534 3347 2638 3390; x_wconf 92' lang='lat' dir='ltr'><strong>oc-</strong></span> 
     </span>
     <span class='ocr_line' id='line_1_27' title="bbox 739 3426 2643 3512; baseline -0.001 -20"><span class='ocrx_word' id='word_1_215' title='bbox 739 3428 930 3493; x_wconf 89' lang='lat' dir='ltr'><strong>cultis</strong></span> <span class='ocrx_word' id='word_1_216' title='bbox 971 3436 1037 3492; x_wconf 92' lang='lat' dir='ltr'><strong>et</strong></span> <span class='ocrx_word' id='word_1_217' title='bbox 1077 3428 1391 3511; x_wconf 87' lang='lat' dir='ltr'><strong>sapientia</strong></span> <span class='ocrx_word' id='word_1_218' title='bbox 1421 3449 1565 3510; x_wconf 85' lang='lat' dir='ltr'><strong>quae</strong></span> <span class='ocrx_word' id='word_1_219' title='bbox 1593 3427 1756 3489; x_wconf 91' lang='lat' dir='ltr'><strong>mihi</strong></span> <span class='ocrx_word' id='word_1_220' title='bbox 1778 3428 2112 3511; x_wconf 89' lang='lat' dir='ltr'><strong>jungenda</strong></span> <span class='ocrx_word' id='word_1_221' title='bbox 2141 3437 2239 3493; x_wconf 88' lang='lat' dir='ltr'><strong>est</strong></span> <span class='ocrx_word' id='word_1_222' title='bbox 2269 3429 2349 3492; x_wconf 92' lang='lat' dir='ltr'><strong>de</strong></span> <span class='ocrx_word' id='word_1_223' title='bbox 2378 3426 2643 3512; x_wconf 87' lang='lat' dir='ltr'><strong>captivi-</strong></span> 
     </span>
     <span class='ocr_line' id='line_1_28' title="bbox 740 3529 2646 3615; baseline 0.002 -21"><span class='ocrx_word' id='word_1_224' title='bbox 740 3538 877 3594; x_wconf 86' lang='lat' dir='ltr'><strong>tate</strong></span> <span class='ocrx_word' id='word_1_225' title='bbox 925 3529 1337 3613; x_wconf 86' lang='lat' dir='ltr'><strong>Babylonica,</strong></span> <span class='ocrx_word' id='word_1_226' title='bbox 1384 3537 1483 3594; x_wconf 92' lang='lat' dir='ltr'><strong>est</strong></span> <span class='ocrx_word' id='word_1_227' title='bbox 1530 3530 1878 3613; x_wconf 89' lang='lat' dir='ltr'><strong>eripienda.</strong></span> <span class='ocrx_word' id='word_1_228' title='bbox 1967 3533 2076 3597; x_wconf 89' lang='lat' dir='ltr'><strong>Ad</strong></span> <span class='ocrx_word' id='word_1_229' title='bbox 2126 3533 2409 3597; x_wconf 88' lang='lat' dir='ltr'><strong>Mariam</strong></span> <span class='ocrx_word' id='word_1_230' title='bbox 2454 3532 2646 3615; x_wconf 84' lang='lat' dir='ltr'><strong>virgi-</strong></span> 
     </span>
     <span class='ocr_line' id='line_1_29' title="bbox 741 3632 2646 3718; baseline 0 -20"><span class='ocrx_word' id='word_1_231' title='bbox 741 3655 894 3698; x_wconf 89' lang='lat' dir='ltr'><strong>nem</strong></span> <span class='ocrx_word' id='word_1_232' title='bbox 924 3633 1006 3697; x_wconf 91' lang='lat' dir='ltr'><strong>de</strong></span> <span class='ocrx_word' id='word_1_233' title='bbox 1036 3632 1234 3716; x_wconf 85' lang='lat' dir='ltr'><strong>stirpe</strong></span> <span class='ocrx_word' id='word_1_234' title='bbox 1273 3634 1484 3698; x_wconf 90' lang='lat' dir='ltr'><strong>David</strong></span> <span class='ocrx_word' id='word_1_235' title='bbox 1525 3633 1909 3718; x_wconf 83' lang='lat' dir='ltr'><strong>mysterium</strong></span> <span class='ocrx_word' id='word_1_236' title='bbox 1952 3634 2202 3698; x_wconf 87' lang='lat' dir='ltr'><strong>consilii</strong></span> <span class='ocrx_word' id='word_1_237' title='bbox 2244 3635 2392 3713; x_wconf 88' lang='lat' dir='ltr'><strong>mei,</strong></span> <span class='ocrx_word' id='word_1_238' title='bbox 2425 3635 2485 3699; x_wconf 89' lang='lat' dir='ltr'>O</span> <span class='ocrx_word' id='word_1_239' title='bbox 2518 3634 2646 3698; x_wconf 84' lang='lat' dir='ltr'><strong>Ga-</strong></span> 
     </span>
     <span class='ocr_line' id='line_1_30' title="bbox 740 3737 2648 3822; baseline -0.001 -20"><span class='ocrx_word' id='word_1_240' title='bbox 740 3737 925 3816; x_wconf 89' lang='lat' dir='ltr'><strong>briel,</strong></span> <span class='ocrx_word' id='word_1_241' title='bbox 958 3743 1056 3801; x_wconf 91' lang='lat' dir='ltr'><strong>est</strong></span> <span class='ocrx_word' id='word_1_242' title='bbox 1085 3738 1333 3801; x_wconf 84' lang='lat' dir='ltr'><strong>occulte</strong></span> <span class='ocrx_word' id='word_1_243' title='bbox 1373 3737 1813 3816; x_wconf 88' lang='lat' dir='ltr'><strong>deferendum,</strong></span> <span class='ocrx_word' id='word_1_244' title='bbox 1845 3737 2015 3822; x_wconf 87' lang='lat' dir='ltr'><strong>apud</strong></span> <span class='ocrx_word' id='word_1_245' title='bbox 2061 3758 2201 3814; x_wconf 77' lang='lat' dir='ltr'><strong>eam</strong></span> <span class='ocrx_word' id='word_1_246' title='bbox 2247 3738 2319 3801; x_wconf 92' lang='lat' dir='ltr'><strong>in</strong></span> <span class='ocrx_word' id='word_1_247' title='bbox 2361 3737 2648 3802; x_wconf 88' lang='lat' dir='ltr'><strong>thalamo</strong></span> 
     </span>
     <span class='ocr_line' id='line_1_31' title="bbox 740 3840 2645 3925; baseline -0.001 -20"><span class='ocrx_word' id='word_1_248' title='bbox 740 3862 857 3905; x_wconf 89' lang='lat' dir='ltr'><strong>suo</strong></span> <span class='ocrx_word' id='word_1_249' title='bbox 887 3840 1245 3905; x_wconf 87' lang='lat' dir='ltr'><strong>convivium</strong></span> <span class='ocrx_word' id='word_1_250' title='bbox 1277 3842 1654 3925; x_wconf 84' lang='lat' dir='ltr'><strong>nuptiarum</strong></span> <span class='ocrx_word' id='word_1_251' title='bbox 1686 3862 1979 3905; x_wconf 87' lang='lat' dir='ltr'><strong>mearum</strong></span> <span class='ocrx_word' id='word_1_252' title='bbox 2019 3849 2117 3907; x_wconf 91' lang='lat' dir='ltr'><strong>est</strong></span> <span class='ocrx_word' id='word_1_253' title='bbox 2156 3840 2549 3905; x_wconf 85' lang='lat' dir='ltr'><strong>initiandum</strong></span> <span class='ocrx_word' id='word_1_254' title='bbox 2578 3846 2645 3904; x_wconf 92' lang='lat' dir='ltr'><strong>et</strong></span> 
     </span>
     <span class='ocr_line' id='line_1_32' title="bbox 741 3941 2650 4026; baseline -0.003 -16"><span class='ocrx_word' id='word_1_255' title='bbox 741 3944 1217 4010; x_wconf 88' lang='lat' dir='ltr'><strong>celebrandum.</strong></span> <span class='ocrx_word' id='word_1_256' title='bbox 1306 3945 1415 4008; x_wconf 93' lang='lat' dir='ltr'><strong>Ad</strong></span> <span class='ocrx_word' id='word_1_257' title='bbox 1458 3944 1740 4008; x_wconf 82' lang='lat' dir='ltr'><strong>Mariam</strong></span> <span class='ocrx_word' id='word_1_258' title='bbox 1787 3942 2053 4007; x_wconf 84' lang='lat' dir='ltr'><strong>Gabriel</strong></span> <span class='ocrx_word' id='word_1_259' title='bbox 2096 3943 2446 4022; x_wconf 87' lang='lat' dir='ltr'><strong>descendit,</strong></span> <span class='ocrx_word' id='word_1_260' title='bbox 2478 3941 2650 4026; x_wconf 91' lang='lat' dir='ltr'><strong>quod</strong></span> 
     </span>
     <span class='ocr_line' id='line_1_33' title="bbox 744 4045 2652 4132; baseline -0.002 -20"><span class='ocrx_word' id='word_1_261' title='bbox 744 4047 866 4112; x_wconf 88' lang='lat' dir='ltr'><strong>sibi</strong></span> <span class='ocrx_word' id='word_1_262' title='bbox 923 4048 1292 4132; x_wconf 86' lang='lat' dir='ltr'><strong>injunctum</strong></span> <span class='ocrx_word' id='word_1_263' title='bbox 1349 4048 1580 4127; x_wconf 83' lang='lat' dir='ltr'><strong>fuerat,</strong></span> <span class='ocrx_word' id='word_1_264' title='bbox 1640 4047 1917 4112; x_wconf 89' lang='lat' dir='ltr'><strong>fideliter</strong></span> <span class='ocrx_word' id='word_1_265' title='bbox 1972 4046 2238 4131; x_wconf 85' lang='lat' dir='ltr'><strong>peregit.</strong></span> <span class='ocrx_word' id='word_1_266' title='bbox 2351 4045 2481 4109; x_wconf 85' lang='lat' dir='ltr'><strong>Sed</strong></span> <span class='ocrx_word' id='word_1_267' title='bbox 2539 4045 2652 4129; x_wconf 87' lang='lat' dir='ltr'><strong>qui</strong></span> 
     </span>
     <span class='ocr_line' id='line_1_34' title="bbox 746 4148 2648 4236; baseline -0.003 -19"><span class='ocrx_word' id='word_1_268' title='bbox 746 4174 897 4218; x_wconf 87' lang='lat' dir='ltr'><strong>eum</strong></span> <span class='ocrx_word' id='word_1_269' title='bbox 947 4152 1230 4231; x_wconf 87' lang='lat' dir='ltr'><strong>miserat,</strong></span> <span class='ocrx_word' id='word_1_270' title='bbox 1283 4158 1631 4236; x_wconf 89' lang='lat' dir='ltr'><strong>antequam</strong></span> <span class='ocrx_word' id='word_1_271' title='bbox 1677 4150 2109 4229; x_wconf 87' lang='lat' dir='ltr'><strong>nuntiaretur,</strong></span> <span class='ocrx_word' id='word_1_272' title='bbox 2148 4150 2286 4234; x_wconf 86' lang='lat' dir='ltr'><strong>jam</strong></span> <span class='ocrx_word' id='word_1_273' title='bbox 2331 4150 2413 4214; x_wconf 90' lang='lat' dir='ltr'><strong>ad</strong></span> <span class='ocrx_word' id='word_1_274' title='bbox 2457 4148 2648 4231; x_wconf 86' lang='lat' dir='ltr'><strong>virgi-</strong></span> 
     </span>
     <span class='ocr_line' id='line_1_35' title="bbox 746 4252 2650 4332; baseline -0.004 -11"><span class='ocrx_word' id='word_1_275' title='bbox 746 4278 900 4321; x_wconf 89' lang='lat' dir='ltr'><strong>nem</strong></span> <span class='ocrx_word' id='word_1_276' title='bbox 929 4261 1211 4320; x_wconf 84' lang='lat' dir='ltr'><strong>venerat.</strong></span> <span class='ocrx_word' id='word_1_277' title='bbox 1302 4254 1649 4318; x_wconf 88' lang='lat' dir='ltr'><strong>Initiatum</strong></span> <span class='ocrx_word' id='word_1_278' title='bbox 1693 4261 1792 4318; x_wconf 92' lang='lat' dir='ltr'><strong>est</strong></span> <span class='ocrx_word' id='word_1_279' title='bbox 1836 4253 1947 4332; x_wconf 92' lang='lat' dir='ltr'><strong>ibi,</strong></span> <span class='ocrx_word' id='word_1_280' title='bbox 1991 4253 2084 4316; x_wconf 90' lang='lat' dir='ltr'><strong>ibi</strong></span> <span class='ocrx_word' id='word_1_281' title='bbox 2127 4252 2518 4317; x_wconf 86' lang='lat' dir='ltr'><strong>celebratum</strong></span> <span class='ocrx_word' id='word_1_282' title='bbox 2550 4258 2650 4315; x_wconf 91' lang='lat' dir='ltr'><strong>est</strong></span> 
     </span>
     <span class='ocr_line' id='line_1_36' title="bbox 749 4353 2653 4442; baseline -0.004 -17"><span class='ocrx_word' id='word_1_283' title='bbox 749 4358 1225 4425; x_wconf 87' lang='lat' dir='ltr'><strong>sanctissimum</strong></span> <span class='ocrx_word' id='word_1_284' title='bbox 1276 4357 1651 4442; x_wconf 85' lang='lat' dir='ltr'><strong>nuptiarum</strong></span> <span class='ocrx_word' id='word_1_285' title='bbox 1698 4356 2095 4432; x_wconf 84' lang='lat' dir='ltr'><strong>convivium.¹</strong></span> <span class='ocrx_word' id='word_1_286' title='bbox 2175 4357 2304 4420; x_wconf 86' lang='lat' dir='ltr'><strong>Sed</strong></span> <span class='ocrx_word' id='word_1_287' title='bbox 2355 4353 2653 4439; x_wconf 85' lang='lat' dir='ltr'><strong>nunquid</strong></span> 
     </span>
    </p>
   </div>
  </div>
 </body>
</html>
