3200 5392
551 927 686 969 Λα).
724 903 1118 986 1161-89.]
1193 917 1554 977 ἘΡιεωοιΔς
1588 909 1912 971 commu.
2337 901 2463 964 143

553 1051 774 1124 regem
803 1040 1108 1117 Franciae,
1140 1057 1334 1125 quam
1365 1045 1796 1104 memoratum
1827 1036 2131 1102 comitem
2162 1035 2245 1101 ad
2274 1055 2462 1120 guer-

553 1155 696 1207 ram
724 1161 840 1227 pro
868 1142 1108 1207 viribus
1135 1142 1447 1209 incitavit.
1539 1140 1763 1207 Quum
1800 1139 2004 1224 igitur
2044 1137 2216 1224 apud
2256 1139 2461 1205 Cado-

555 1263 739 1308 mum
785 1242 993 1327 primo
1032 1243 1170 1327 jam
1218 1243 1375 1307 dicti
1421 1239 1593 1325 regis
1632 1243 1892 1327 Angliae
1936 1233 2253 1326 colloquio
2290 1241 2463 1308 frue-

554 1353 793 1425 remur,
825 1346 1233 1429 paternitatis
1261 1351 1487 1411 vestrae
1515 1346 1756 1425 literas,
1789 1345 1955 1411 sicut
1986 1342 2223 1424 decuit,
2253 1346 2461 1409 mani-

556 1447 678 1512 bus
707 1449 845 1532 regi
873 1445 1290 1527 reddidimus,
1323 1448 1556 1532 quibus
1586 1437 1929 1532 diligenter
1952 1445 2366 1512 consideratis
2396 1455 2462 1512 et

555 1550 850 1634 perlectis
889 1551 962 1615 in
1001 1551 1215 1615 medio
1255 1571 1405 1615 cum
1447 1551 1527 1615 ab
1570 1541 1730 1630 aliis,
1764 1569 1921 1635 quas
1949 1572 2066 1634 pro
2096 1551 2322 1615 eodem
2355 1565 2468 1614 ne-

555 1654 734 1737 gotio
773 1655 950 1738 prius
993 1675 1032 1718 a
1067 1654 1249 1719 vobis
1288 1659 1636 1737 receperat,
1676 1654 1894 1718 minus
1934 1654 2361 1731 continentes,
2400 1659 2466 1718 et

557 1757 962 1839 aliquatenus
1011 1757 1463 1820 dissentientes
1506 1753 1898 1835 viderentur,
1943 1776 2059 1819 rex
2101 1755 2232 1819 acri
2270 1755 2464 1838 coepit

557 1860 1008 1942 indignatione
1036 1860 1270 1943 peruri,
1296 1865 1360 1924 et
1392 1881 1468 1924 eo
1499 1859 1770 1944 gravius,
1797 1858 1969 1943 quod
1999 1879 2067 1923 se
2095 1858 2316 1942 procul
2346 1859 2463 1922 du-

556 1961 666 2026 bio
697 1962 856 2026 scire
887 1961 1140 2025 dicebat
1168 1961 1510 2045 praefatum
1532 1962 2097 2046 archiepiscopum,
2128 1967 2468 2045 postquam

562 2081 602 2127 a
628 2063 806 2127 vobis
837 2059 1231 2142 divertimus,
1271 2064 1490 2128 literas
1527 2065 1862 2148 recepisse,
1895 2064 2127 2148 quibus
2168 2085 2207 2127 a
2243 2071 2467 2128 nostro

561 2162 822 2245 penitus
851 2161 1062 2227 fuerat
1092 2169 1426 2245 exemptus
1460 2162 1724 2247 judicio,
1753 2169 1831 2228 ut
1873 2164 1946 2226 in
1987 2163 2170 2227 nullo
2213 2181 2468 2246 cogere-

563 2270 673 2327 tur
715 2268 866 2327 ante
907 2283 1026 2326 nos
1064 2257 1469 2347 respondere.
1558 2264 1945 2329 Affirmabat
1982 2265 2263 2349 insuper,
2297 2265 2469 2349 quod

564 2387 659 2446 ea,
711 2387 853 2451 quae
896 2363 1076 2431 vobis
1129 2366 1210 2431 de
1261 2366 1540 2451 antiquis
1589 2368 2167 2433 consuetudinibus
2211 2367 2468 2452 Angliae

559 2470 821 2534 fuerant
859 2470 1180 2548 intimata,
1226 2469 1495 2533 falsitati
1540 2471 1755 2553 potius
1802 2467 2241 2554 subjacebant,
2275 2492 2464 2556 quam

563 2569 820 2638 veritati
861 2579 1124 2656 possent
1166 2573 1401 2638 inniti:
1450 2573 1622 2658 quod
1659 2575 1887 2659 utique
1913 2575 2055 2640 viva
2080 2595 2235 2641 voce
2273 2581 2468 2640 attes-

563 2675 874 2740 tabantur
931 2678 1229 2761 episcopi.
1323 2674 1654 2742 Offerebat
1712 2677 1928 2757 etiam,
1983 2676 2155 2762 quod
2212 2679 2267 2743 si
2326 2699 2469 2762 quae

564 2790 856 2867 tempore
916 2801 1032 2847 suo
1092 2783 1587 2849 consuetudines
1661 2784 1734 2847 in
1804 2799 2007 2867 regno
2065 2784 2323 2866 Angliae
2377 2783 2469 2849 vi-

566 2886 873 2951 derentur
937 2887 1039 2971 adj
1047 2892 1222 2965 ectae,
1278 2905 1421 2971 quae
1481 2886 1741 2951 statutis
1800 2885 2240 2951 ecclesiasticis
2299 2887 2471 2951 obvi·
2602 2953 2612 2964 ,

566 2995 770 3068 arent,
816 2995 1040 3054 nostro
1081 2989 1360 3054 libenter
1400 2989 1667 3054 arbitrio
1709 2989 1782 3054 in
1824 2989 2082 3053 irritum
2124 2996 2468 3055 revocaret.

563 3091 705 3157 Nos
734 3111 882 3157 vero
912 3093 1420 3177 archiepiscopiS,
1453 3093 1782 3178 episcopis,
1815 3100 1881 3157 et
1912 3091 2253 3157 abbatibus
2281 3099 2469 3158 terrae

561 3215 694 3257 suae
737 3194 923 3258 nobis
969 3195 1310 3279 adjunctis,
1343 3213 1492 3260 cum
1523 3196 1703 3259 omni
1733 3196 2069 3279 diligentia
2098 3197 2465 3261 studuimus

564 3296 792 3374 facere,
831 3311 915 3360 ne
952 3311 1066 3359 rex
1103 3295 1289 3359 nobis
1331 3315 1508 3380 spem
1543 3298 1719 3380 pacis
1749 3298 2014 3362 omnino
2042 3297 2468 3376 subtraheret,
2593 3335 2606 3346 ,

567 3399 679 3463 sed
731 3399 813 3462 ad
869 3397 939 3461 id
997 3391 1211 3482 potius
1242 3397 1330 3463 'se
1382 3396 1789 3482 permitteret
1837 3397 2152 3477 inclinari,
2197 3405 2273 3463 ut
2324 3420 2470 3463 cum

568 3501 1040 3586 archiepiscopo
1084 3505 1222 3565 tam
1266 3502 1345 3566 de
1389 3521 1566 3586 paee,
1610 3519 1801 3585 quam
1846 3502 1926 3566 de
1964 3501 2208 3586 judicio
2250 3501 2469 3587 loque-

565 3623 804 3670 remur.

654 3710 765 3773 Sic
817 3729 971 3791 ergo
1022 3709 1311 3791 proprios
1363 3707 1624 3772 clericos
1675 3711 1928 3772 nostros
1980 3708 2063 3772 ad
2120 3724 2270 3772 eum
2320 3725 2471 3772 cum

565 3810 769 3876 literis
801 3811 1169 3895 dirigentes,
1202 3816 1452 3875 certum
1489 3810 1615 3874 sibi
1652 3810 1867 3876 locum
1906 3817 1969 3875 'et
2008 3816 2228 3875 tutum
2261 3811 2470 3875 indix-

569 3914 758 3993 imus,
797 3913 913 3978 ubi
960 3915 1033 3977 in
1083 3914 1249 3977 festo
1302 3912 1509 3977 sancti
1554 3911 1833 3976 Martini
1879 3925 2097 3977 secum
2142 3931 2472 3996 possemus

573 4018 983 4081 commiscere
1013 4037 1394 4081 sermonem.
1484 4012 1634 4100 Ipse
1671 4023 1894 4080 tamen
1935 4015 2244 4100 quasdam
2284 4037 2471 4081 excu-

573 4119 849 4183 sationes
878 4120 1302 4202 praetendenS,
1336 4119 1508 4184 diem
1536 4119 1687 4183 festi
1715 4119 2050 4183 transtulit
2086 4121 2157 4183 in
2198 4126 2469 4198 octavas,

574 4221 746 4306 quod
796 4221 1021 4304 utique
1077 4223 1150 4285 in
1208 4243 1319 4286 cor
1366 4222 1536 4306 regis
1589 4222 1781 4286 altius
1830 4243 2023 4306 quam
2070 4224 2472 4287 crederemus

573 4321 925 4389 adscendit.
1004 4324 1225 4390 Quum
1256 4331 1474 4389 autem
1506 4346 1672 4409 saepe
1703 4325 1914 4390 dictus
1944 4325 2469 4409 archiepiscopus,

569 4428 723 4493 licet
758 4449 877 4492 nos
917 4428 978 4492 ei
1018 4428 1390 4492 offerremus
1422 4428 1749 4508 ducatum,
1779 4430 1850 4492 in
1881 4429 2059 4493 exitu
2087 4434 2275 4492 terrae
2302 4429 2472 4512 regis

570 4530 828 4614 Angliae
866 4549 1083 4594 versus
1123 4529 1460 4595 Franciam
1501 4532 1873 4596 nullatenus
1916 4531 2102 4596 nobis
2140 4532 2328 4596 vellet
2369 4554 2471 4598 oc-
