3200 5392
2680 324 2686 331 .

621 858 761 904 Aa).
798 840 1192 922 1161—89.]
1293 860 1625 902 arlsronAE
1659 859 1985 910 QUAEDAM.
2401 822 2546 903 129'

619 1000 778 1042 num
809 1000 1040 1062 papam
1069 977 1382 1043 instantia
1409 998 1545 1041 non
1576 977 1837 1059 quievit,
1869 976 2073 1041 donec
2100 976 2338 1078 literas,
2364 997 2521 1060 quas

620 1102 770 1144 cum
797 1080 917 1159 his,
951 1081 1092 1146 Deo
1122 1080 1336 1158 dante,
1367 1079 1683 1157 videbitis,
1724 1100 1838 1163 per
1877 1079 2120 1143 domini
2158 1101 2339 1163 papae
2376 1101 2520 1166 gra-

588 1185 777 1249 -tiam
815 1184 1101 1248 indultas
1140 1183 1411 1248 obtinui.
1505 1181 1685 1248 Quas
1715 1181 1975 1264 quidem
2004 1181 2213 1260 credo,
2245 1182 2518 1246 credetis

618 1293 834 1351 autem
876 1294 941 1350 et
978 1308 1111 1365 vos,
1152 1286 1222 1350 ni
1261 1286 1465 1365 fallor,
1504 1286 1787 1350 efficaces
1828 1286 1910 1349 ad
1949 1306 2108 1364 rem,
2150 1293 2216 1350 et
2256 1285 2515 1369 negotio

614 1388 804 1453 utiles
849 1390 1178 1454 affuturas
1268 1389 1466 1472 Agite
1509 1390 1728 1472 itaque
1772 1387 2188 1467 confidenter,
2233 1396 2300 1453 et
2344 1388 2515 1471 quod

615 1492 694 1556 ad
736 1514 846 1558 vos
891 1493 1192 1577 pertinet,
1224 1514 1484 1557 causam
1527 1499 1815 1557 nostram
1861 1493 2143 1557 Domino
2187 1514 2509 1557 commen-

613 1595 781 1674 date,
813 1597 927 1679 qui
968 1617 1104 1661 non
1150 1596 1383 1660 deserit
1429 1603 1760 1680 sperantes
1804 1597 1876 1659 in
1920 1616 2007 1675 se,
2054 1602 2121 1660 et
2163 1616 2278 1679 per
2322 1617 2513 1679 quem

611 1697 1027 1781 diligentibus
1057 1719 1204 1762 eum
1234 1698 1453 1763 omnia
1481 1704 1906 1782 cooperantur
1933 1698 2004 1762 in
2031 1698 2296 1762 bonum.
2371 1698 2513 1781 Ego

610 1807 830 1865 autem
861 1800 1032 1884 quod
1064 1802 1253 1865 amici
1283 1807 1349 1865 et
1378 1801 1583 1865 fidelis
1614 1807 1731 1880 est,
1764 1822 1913 1865 cum
1940 1822 2043 1865 res
2074 1801 2508 1884 postulaverit,

609 1905 836 1990 exequi
864 1925 1001 1969 non
1031 1903 1310 1969 cessabo.
1401 1904 1502 1968 De
1541 1911 1791 1982 caetero,
1823 1904 1995 1988 quod
2033 1906 2104 1969 in
2142 1905 2343 1969 literis
2373 1925 2508 1968 ves-

609 2008 729 2070 tris
780 2008 1037 2072 miseria
1090 2008 1419 2071 consuevit
1472 2008 1659 2072 exilio
1710 2008 2010 2091 copulari,
2060 2008 2511 2073 discretionem

608 2116 907 2186 vestram,
939 2114 1016 2171 ut
1061 2108 1365 2173 audacter
1409 2109 1580 2172 salva
1622 2111 1977 2173 reverentia
2018 2110 2260 2194 loquar,
2293 2131 2509 2175 emen-

611 2210 763 2274 dare
800 2211 1145 2274 voluerim:
1208 2232 1411 2294 quum
1451 2212 1617 2275 sicut
1665 2211 1957 2289 arbitror,
1997 2213 2261 2276 miseros
2298 2214 2511 2275 vocari

607 2334 747 2376 non
783 2312 1023 2392 deceat,
1057 2314 1167 2396 qui
1198 2335 1237 2377 a
1268 2313 1549 2377 Domino
1577 2313 1752 2376 beati
1782 2312 2104 2392 dicuntur,
2130 2314 2319 2396 juxta
2346 2314 2507 2377 illud

607 2416 956 2499 evangelii:
995 2416 1184 2479 Beati
1214 2416 1322 2499 qui
1351 2416 1862 2499 persecutionem
1891 2415 2228 2499 patiuntur
2248 2423 2508 2501 propter

599 2519 937 2602 justitiam.
1029 2519 1159 2582 Det
1189 2518 1368 2583 vobis
1398 2519 1721 2583 Dominus
1749 2539 1972 2601 pacem
2001 2519 2073 2582 in
2102 2521 2408 2604 proxim0,
2439 2528 2506 2585 et

604 2622 674 2684 in
703 2621 923 2685 futuro
955 2622 1350 2686 consortium
1382 2629 1449 2686 et
1479 2622 1747 2705 gloriam
1778 2620 2135 2687 beatorum.

602 2974 1043 3040 EPISTOLA
1089 2975 1933 3042 CCCXCII.-—11UM‘13A1.DI
1976 3000 2317 3045 osrmNSIs
2359 3002 2502 3044 1¹:1²1-

914 3075 1098 3141 scorl
1134 3099 1222 3140 An
1257 3098 1553 3143 ‘rnoMAM
1588 3100 2191 3148 cANruaamNsnM.

616 3261 866 3322 Thomae
895 3259 1330 3322 Cantuarienei
1359 3242 1814 3347 archiepiscopo
1840 3265 2138 3329 Ostiensis
2167 3269 2500 3349 episcopus.

687 3441 988 3508 QUANDO
1038 3442 1445 3525 paternitatis
1503 3451 1729 3510 vestrae
1786 3447 1989 3512 literae
2047 3448 2233 3512 nobis
2293 3450 2501 3514 allatae

598 3552 772 3625 sunt,
819 3552 1008 3612 tanta
1054 3546 1333 3629 corporis
1383 3547 1763 3614 infirmitate
1812 3550 2278 3632 laborabamus,
2327 3555 2502 3637 quod

596 3670 635 3712 a
662 3648 927 3714 medicis
958 3649 1038 3713 de
1067 3649 1200 3713 vita
1229 3657 1450 3715 nostra
1485 3651 1960 3735 desperabatur.
2051 3654 2317 3733 Verum,
2352 3656 2502 3738 quia

593 3752 772 3817 vobis
800 3752 873 3815 in
900 3752 1126 3816 vestris
1156 3746 1709 3835 persecutionibus
1739 3762 1806 3820 et
1835 3758 2170 3840 angustiis,
2203 3758 2399 3822 etiam
2428 3759 2502 3822 in

591 3855 967 3920 infirmitate
1006 3863 1231 3920 nostra
1269 3878 1403 3921 non
1443 3858 1767 3925 immerito
1795 3851 2222 3945 compatimur
2250 3869 2316 3927 et
2337 3884 2496 3942 con-

595 3955 902 4035 dolemus,
934 3978 1049 4040 per
1079 3958 1388 4040 quosdam
1421 3960 1501 4024 de
1531 3961 1838 4027 fratribus
1868 3967 2104 4030 nostris
2143 3973 2208 4030 et
2250 3965 2497 4032 domes-

593 4059 754 4122 ticos
805 4060 1001 4122 etiam
1051 4066 1304 4125 nostros
1355 4062 1693 4145 instantes,
1742 4072 1809 4130 et
1859 4067 2227 4152 frequentes
2278 4091 2497 4153 preces

595 4159 854 4223 domino
890 4182 1071 4245 papae
1110 4165 1525 4246 porreximus,
1557 4173 1634 4230 ut
1663 4174 1864 4233 tantae
1891 4170 2220 4255 iniquitati
2248 4172 2490 4237 Ebora·
2564 4228 2569 4232 .

592 4262 799 4326 censis
852 4268 918 4325 et
971 4284 1233 4329 suorum
1284 4268 1690 4352 complicium
1737 4272 2041 4355 obviaret,
2090 4284 2155 4340 et
2177 4289 2181 4294 ’
2205 4278 2490 4359 ipsorum

594 4362 1039 4428 dolositatibus
1069 4372 1135 4429 et
1165 4368 1424 4433 malitiis
1452 4371 1651 4436 finem
1680 4374 2056 4458 imponeret.
2141 4379 2290 4462 Ipse
2316 4401 2489 4460 vero,

591 4469 758 4535 sicut
798 4488 990 4551 quem
1028 4470 1320 4552 pluribus
1356 4477 1742 4561 respondere
1779 4488 2049 4563 oportet,
2089 4481 2241 4547 huic
2278 4492 2489 4552 vestro

685 4598 791 4633 011„
816 4597 931 4632 1²01..
952 4597 1068 4633 vol..
1093 4599 1151 4635 11.
1516 4600 1563 4642 K
