3200 5392
592 892 725 934 Aa).
762 871 1155 954 1161—89.]
1256 841 1583 934 nmsroLAE
1617 891 1940 941 QUAEDAM.
2363 877 2491 939 247

577 1012 812 1070 *tamen
861 1027 979 1089 per
1036 1007 1310 1089 gratiam
1362 1007 1488 1071 Dei
1537 1007 1772 1072 merito
1829 1007 2181 1092 plurimum
2231 1009 2327 1072 illi
2376 1009 2491 1075 ho-

592 1109 766 1174 noris
814 1110 1097 1187 accessit,
1142 1116 1218 1174 ut
1263 1110 1433 1193 quod
1479 1111 1606 1175 loci
1650 1111 1821 1175 illius
1863 1112 2260 1176 antistitibus
2306 1114 2492 1178 fami-

588 1213 747 1277 liare
775 1212 1128 1292 videbatur,
1159 1234 1336 1276 nunc
1365 1234 1479 1296 per
1507 1235 1619 1277 vos
1652 1214 1724 1278 in
1753 1235 1830 1278 ea
1871 1222 2327 1298 perpetuatum
2354 1238 2494 1281 esse

592 1317 909 1381 credatur.
1000 1318 1087 1381 Et
1122 1337 1300 1381 nunc
1340 1316 1602 1400 quidem
1638 1323 1824 1380 tanto
1863 1317 2216 1398 gloriosius,
2250 1326 2493 1401 quanto

591 1419 808 1483 saeculi
834 1419 1007 1483 1111118
1036 1419 1358 1503 principes
1387 1419 1742 1482 modestius
1771 1418 2178 1498 incedebant,
2203 1427 2267 1483 et
2298 1422 2493 1485 iidem

588 1521 947 1586 decessores
991 1523 1187 1585 vestri
1229 1521 1624 1604 principibus
1677 1522 1808 1585 suis
1852 1522 2068 1586 minus
2111 1530 2495 1606 putarentur

585 1623 847 1688 obnoxii
870 1651 892 1687 :·
947 1625 1302 1707 praesertim
1356 1646 1557 1707 quum
1618 1631 1685 1687 et
1742 1631 1950 1688 mater
2007 1632 2230 1689 nostra
2288 1648 2493 1690 sacro-

590 1712 814 1791 sancta
855 1729 1151 1791 Romana
1186 1727 1451 1790 ecclesia
1494 1726 1741 1789 nullam
1787 1747 1862 1789 eo
1896 1733 2186 1810 tempore
2228 1728 2493 1810 integri-

587 1830 743 1893 tatis
774 1850 906 1892 suae
935 1836 1263 1912 pateretur
1295 1828 1692 1892 divisionem.
1768 1828 1900 1893 9111
1929 1849 2081 1910 ergo
2110 1830 2287 1899 vobis
2318 1830 2496 1894 dedit

587 1930 939 2012 incipiendi
988 1931 1340 2008 audaciam,
1387 1930 1567 1994 dabit
1613 1937 1679 1993 et
1725 1931 1798 1993 in
1839 1932 2302 2013 perseverando
2346 1955 2494 1997 con-

587 2033 915 2097 stantiam.
995 2033 1199 2096 Dabit
1228 2040 1293 2096 et
1323 2032 1394 2095 in
1422 2031 1579 2095 boni
1611 2033 1818 2115 operis
1847 2036 2324 2116 perseverantia
2352 2058 2497 2117 pro-

589 2143 895 2197 ventum:
961 2143 1074 2198 aut
1124 2135 1307 2197 illum
1352 2135 1595 2217 utique,
1646 2156 1837 2217 quem
1887 2128 2338 2213 desideramuS,
2386 2144 2498 2199 aut

587 2242 760 2299 certe
787 2236 1297 2301 fructuosiorem.
1389 2236 1567 2299 Nam
1597 2235 1769 2319 quod
1809 2236 1892 2300 ad
1919 2237 2280 2299 humanum
2322 2239 2498 2300 auxi-

588 2340 749 2405 lium
779 2341 1031 2418 attinet,
1063 2340 1227 2403 nihil
1271 2347 1369 2403 est
1407 2340 1583 2423 quod
1623 2340 1702 2403 de
1733 2340 1912 2403 curia
1952 2341 2022 2403 in
2063 2340 2293 2423 aliquo,
2327 2343 2501 2424 quod

587 2464 808 2525 regem
859 2443 1181 2508 offendere
1234 2443 1485 2521 debeat,
1537 2444 1940 2527 exspectetis.
2043 2443 2265 2508 Quum
2326 2445 2499 2508 enim

587 2552 725 2609 tam
768 2567 908 2625 nos,
946 2568 1138 2629 quam
1183 2546 1459 2609 nuncius
1505 2567 1544 2608 a
1586 2546 1788 2609 latere
1831 2551 2043 2609 vestro
2086 2548 2500 2610 transmissus

588 2649 756 2713 circa
789 2656 1114 2732 porrectas
1150 2670 1189 2711 a
1227 2648 1413 2713 nobis
1456 2648 1802 2731 petitiones
1832 2670 1947 2731 per
1975 2650 2215 2713 multos
2247 2650 2380 2714 dies
2409 2651 2501 2714 la-

586 2751 1039 2829 boraverimuS,
1072 2751 1175 2814 vix
1204 2751 1272 2814 in
1305 2772 1440 2814 una
1468 2749 1890 2815 obtinuimus.
1981 2752 2070 2815 Et
2099 2753 2211 2815 illa
2243 2753 2505 2836 quidem

588 2861 725 2917 tam
768 2854 1018 2936 trepide
1065 2843 1572 2931 consummatur,
1617 2861 1695 2919 ut
1738 2854 1901 2917 nihil
1949 2855 2282 2937 scripturae
2332 2866 2503 2918 00111-

591 2957 909 3032 mittatur,
943 2956 1055 3020 sed
1095 2962 1353 3020 tantum
1392 2956 1548 3020 vivae
1576 2957 1749 3023 vocis
1788 2958 2142 3038 responsali
2183 2957 2501 3022 credatur.

589 3057 1016 3123 Asseverabat
1045 3064 1266 3122 tamen
1297 3059 1508 3123 adhuc
1537 3059 1839 3125 dominus
1872 3058 2197 3123 Henricus
2228 3061 2503 3125 Pisanus

594 3181 661 3222 se
707 3160 789 3223 ad
824 3159 1333 3244 extorquendam
1374 3161 1622 3225 domini
1653 3161 2125 3226 Londoniensis
2170 3164 2504 3246 professio-

592 3282 745 3324 nem
794 3261 1256 3341 laboraturum.
1349 3263 1579 3327 Timeo
1632 3283 1717 3326 ne
1772 3264 2141 3341 incassum;
2202 3266 2505 3346 quoniam

590 3365 826 3442 omnia,
882 3385 1024 3447 quse
1074 3385 1191 3446 pro
1242 3385 1320 3433 ea
1370 3363 1726 3427 obtinenda
1777 3365 1937 3427 mihi
1993 3366 2261 3448 proponi
2320 3387 2506 3449 posse

588 3468 994 3544 videbantur,
1028 3467 1470 3549 allegaveram.
1555 3468 1871 3545 Primum,
1905 3468 2078 3550 quod
2109 3490 2258 3531 eum
2289 3476 2504 3533 trans-

588 3571 746 3636 latio
790 3571 871 3635 ab
916 3570 1096 3635 omni
1140 3570 1531 3654 obligatione
1576 3570 1881 3634 liberasse
1922 3570 2278 3634 videbatur.
2369 3573 2504 3636 Ne-

593 3699 718 3761 que
747 3678 920 3741 enim
961 3677 1033 3739 in
1060 3677 1255 3759 hujus
1304 3676 1588 3739 ecclesiae
1628 3676 1995 3759 episcopum
2033 3676 2229 3759 recipi
2270 3685 2503 3760 posset,

590 3781 716 3849 nisi
745 3781 1006 3845 alterius
1035 3779 1317 3844 ecclesiae
1349 3779 1680 3862 episcopus
1711 3800 1848 3842 esse
1880 3779 2222 3842 desineret.
2315 3780 2503 3846 911οᾶ

593 3884 647 3946 81
717 3884 1045 3966 episcopus
1115 3904 1255 3947 esse
1325 3882 1532 3960 desiit,
1596 3882 1785 3946 desiit
1851 3888 1917 3945 et
1988 3881 2272 3947 ecclesiae
2333 3883 2505 3946 Can-

592 3984 904 4047 tuariensi
945 3984 1265 4066 obligatus
1311 4005 1467 4048 esse.
1558 3984 1667 4048 Ad
1712 3985 1868 4063 haec,
1902 3984 2057 4069 quid
2104 3986 2159 4048 si
2199 3986 2271 4048 in
2313 3986 2502 4048 aliam

594 4087 928 4151 transisset
974 4088 1381 4169 provinciam,
1412 4089 1711 4172 nunquid
1756 4111 1889 4152 non
1935 4110 2051 4153 suo
2094 4090 2505 4171 profiteretur

593 4190 1139 4273 metropolitano?
1238 4191 1373 4254 Ubi
1430 4193 1845 4255 manifestum
1909 4201 2025 4268 est,
2088 4191 2259 4273 quod
2316 4191 2502 4253 illum

575 4289 932 4358 ‘translatio
975 4315 1016 4356 a
1057 4293 1234 4375 prius
1263 4293 1434 4356 facta
1462 4294 1852 4376 professione
1882 4294 2133 4357 liberat.
2225 4293 2504 4355 Causam

598 4417 851 4481 quoque
902 4418 1037 4460 non
1088 4395 1476 4475 tacebamus,
1533 4419 1729 4480 quare
1789 4399 1985 4461 etiam
2039 4397 2350 4460 Romanae
2401 4417 2502 4458 ec-

594 4500 800 4564 01081110
845 4497 1139 4583 expedire
1190 4504 1423 4582 posset,
1469 4509 1543 4563 ut
1587 4502 1790 4578 fieret,
1839 4522 1913 4564 eo
1961 4499 2129 4582 quod
2180 4499 2251 4562 in
2296 4519 2504 4582 nuper
