3200 5392
731 826 862 892 262
1288 843 1575 888 almam
1612 805 2092 890 Picumnnsls

726 964 1127 1049 juraverunt.
1217 961 1305 1026 Et
1345 981 1494 1026 cum
1531 959 1864 1025 stetissent
1902 960 1975 1024 in
2013 960 2194 1026 curia
2233 982 2350 1046 per
2380 963 2648 1047 quinde-

731 1065 861 1131 cim
905 1063 1061 1144 dies,
1101 1070 1169 1128 et
1213 1084 1290 1129 eo
1334 1063 1630 1148 amplius,
1673 1063 1883 1128 vocati
1926 1069 2081 1128 sunt
2125 1063 2210 1128 ad
2253 1065 2650 1131 audiendum

731 1187 1116 1253 responsum
1155 1188 1367 1231 suum.
1456 1168 1635 1231 Nam
1663 1166 1759 1230 illi
1798 1187 1947 1231 cum
1978 1166 2119 1231 aliis
2149 1169 2651 1250 concordabant,

730 1278 871 1337 tam
913 1270 986 1335 in
1030 1270 1440 1336 excusatione
1482 1270 1675 1353 regis,
1722 1291 1918 1354 quam
1961 1270 2033 1334 in
2078 1272 2506 1353 accusatione,
2552 1294 2649 1338 se-

733 1374 1022 1441 eundum
1053 1373 1224 1458 quod
1255 1373 1500 1437 dictum
1531 1378 1653 1438 est.
1740 1373 1831 1437 Et
1861 1394 2064 1457 quum
2094 1374 2467 1440 crederetur
2500 1375 2650 1441 dex-

734 1485 914 1542 trum
971 1476 1293 1541 calculum
1364 1481 1824 1560 reportaturos,
1886 1477 2290 1542 confirmavit
2350 1478 2652 1543 dominus

733 1602 902 1667 papa
931 1580 1323 1645 sententiam
1361 1579 1713 1660 interdicti,
1747 1601 1944 1664 quam
1974 1580 2272 1648 dominus
2312 1582 2646 1663 Senonen-

737 1686 822 1754 sis
875 1683 1140 1749 dederat
1185 1683 1258 1748 in
1302 1689 1545 1748 terram
1587 1683 1759 1767 regis
1803 1683 2232 1765 cismarinam,
2277 1691 2342 1750 et
2386 1693 2649 1751 senten-

736 1788 898 1854 tiam
945 1785 1627 1853 excommunicationis
1679 1792 1747 1851 et
1799 1788 2253 1870 suspensionis,
2304 1809 2446 1873 quae
2496 1788 2651 1854 data

738 1898 878 1958 erat
920 1890 993 1954 in
1036 1889 1363 1976 episcopos
1391 1888 1669 1971 Angliae.
1760 1889 2074 1975 Praecepit
2106 1891 2303 1956 etiam
2334 1891 2505 1975 quod
2538 1913 2652 1957 rex

737 2000 1124 2079 temperaret
1171 1993 1251 2058 ab
1294 1993 1590 2077 ingressu
1637 1993 1938 2073 ecclesiae,
1977 2001 2044 2057 et
2089 1994 2448 2079 subjunxit,
2481 1996 2653 2080 quod

740 2099 895 2186 ipse·
935 2098 1155 2163 mittet
1212 2097 1459 2181 legatos
1519 2117 1668 2162 suos
1722 2097 1807 2161 ad
1861 2119 2103 2180 regem,
2155 2105 2229 2163 ut
2277 2099 2537 2164 videant
2588 2107 2658 2165 et

743 2207 1136 2288 cognoscant
1175 2201 1313 2284 ejus
1352 2198 1805 2265 humilitatem.
1896 2201 2152 2266 Deinde
2193 2209 2341 2286 post
2380 2205 2654 2269 multam

742 2305 1131 2371 nunciorum
1159 2303 1560 2382 instantiam,
1584 2308 1653 2366 et
1681 2302 2054 2368 interventu
2083 2306 2490 2387 quorundam
2519 2328 2657 2371 car-

743 2408 1080 2487 dinalium,
1111 2412 1178 2470 et
1221 2427 1476 2488 magnae
1517 2405 1809 2489 pecuniae
1851 2405 2067 2486 etiam,
2101 2407 2191 2472 sic
2237 2408 2491 2488 dicitur,
2532 2410 2656 2474 hoc

741 2511 1162 2594 impetratum
1207 2515 1324 2587 est,
1374 2508 1546 2592 quod
1591 2508 1891 2573 dominus
1933 2531 2102 2594 papa
2145 2510 2364 2575 scribit
2406 2510 2652 2575 Bituri-

743 2613 922 2679 censi
964 2611 1458 2695 archiepiscopo,
1497 2613 1669 2694 quod
1716 2612 1770 2675 si
1810 2612 1982 2677 infra
2023 2635 2311 2678 mensem
2354 2619 2498 2699 post
2542 2614 2655 2679 ad-

743 2722 1013 2782 ventum
1076 2714 1466 2779 nunciorum
1524 2714 1596 2778 in
1655 2716 2134 2781 Normanniam
2190 2738 2325 2781 non
2384 2718 2656 2783 audierit

744 2821 992 2904 legatos
1034 2818 1554 2903 transalpinasse,
1587 2819 1760 2903 quod
1803 2827 1965 2885 tunc
2005 2820 2294 2886 absolvat
2332 2822 2658 2888 Londoni-

748 2945 969 2990 ensem
1000 2929 1066 2987 et
1092 2922 1643 2988 Saresberiensem
1672 2922 1754 2987 ab
1786 2925 2466 3006 excommunicatione,
2498 2949 2660 3011 prae·

748 3028 902 3093 stito
931 3027 1109 3111 prius
1133 3013 1526 3111 juramento,
1559 3025 1731 3109 quod
1777 3025 2044 3091 stabunt
2072 3028 2381 3093 mandato
2411 3029 2657 3094 domini

745 3153 951 3215 papae,
978 3137 1116 3195 tam
1155 3130 1301 3210 illis,
1335 3152 1529 3214 quam
1571 3131 1715 3194 aliis
1756 3131 1831 3194 in
1874 3132 2292 3216 suspensione
2333 3134 2655 3199 manenti·
2706 3155 2718 3166 ·’

746 3234 889 3298 bus.
984 3233 1092 3297 Sic
1142 3240 1542 3299 recesserunt
1587 3233 1815 3298 nuncii
1861 3233 2109 3299 domini
2153 3236 2326 3319 regis
2365 3260 2412 3300 a
2458 3239 2657 3318 curia,

748 3358 870 3402 nec
921 3337 1099 3402 aliud
1149 3343 1502 3421 reportant.
1593 3337 1874 3403 Quando
1927 3344 2147 3403 autem
2196 3341 2453 3405 venturi
2505 3342 2658 3420 sint,

752 3428 852 3505 vel
907 3441 1037 3525 qui,
1082 3440 1377 3506 nondum
1427 3438 1747 3504 credimus
1798 3439 2231 3505 cardinalibus
2280 3441 2663 3506 innotuisse.

756 3543 886 3608 Sed
935 3564 1113 3607 nunc
1164 3565 1299 3608 non
1351 3549 1604 3627 oportet
1664 3564 1774 3608 vos
1834 3542 2063 3608 timere
2120 3543 2534 3609 interdictum
2584 3544 2657 3607 in

752 3646 1014 3730 Anglia,
1065 3646 1232 3710 sicut
1283 3647 1494 3726 credo,
1544 3646 1599 3710 si
1650 3667 1764 3710 rex
1811 3647 2043 3730 legatis
2093 3667 2313 3730 parere
2364 3647 2657 3712 voluerit.

753 3748 842 3813 Et
888 3749 1187 3813 dominus
1231 3771 1397 3832 papa
1440 3749 1663 3813 scribit
1707 3750 1786 3829 ei,
1832 3755 1899 3814 et
1942 3748 2170 3813 invitat
2213 3770 2362 3814 eum
2407 3750 2490 3814 ad
2535 3750 2658 3814 hu-

757 3849 1125 3915 militatem.
1213 3851 1343 3915 Sed
1370 3850 1474 3915 vix
1503 3850 1630 3916 fuit
1667 3851 2106 3937 impetratum,
2137 3859 2213 3918 ut
2242 3852 2302 3918 ei
2332 3852 2664 3920 scriberet.
