3200 5392
586 916 719 958 Am.
761 897 1151 980 1161—89.]
1248 919 1580 961 nrlsroLAE
1617 919 1941 968 QUAEDAM.
2366 904 2490 989 211

581 1031 985 1095 contristavit
1030 1052 1224 1114 supra
1269 1032 1555 1109 modum,
1602 1028 1882 1096 eundem
1928 1028 2492 1118 archiepiscopum,

584 1153 775 1214 quem
835 1133 1042 1197 verbis
1101 1134 1541 1213 consolamini,
1589 1133 1784 1198 rebus
1843 1136 2222 1219 opprimitis,
2271 1144 2337 1201 et
2385 1139 2494 1220 qui

580 1230 844 1299 nomine
891 1233 1085 1300 tenus
1133 1236 1508 1314 honoratur,
1557 1236 1776 1300 debita
1820 1237 2109 1319 privatur
2153 1245 2491 1321 potestate.

580 1336 840 1401 Placeat
888 1338 1107 1422 itaque
1154 1339 1512 1403 clementiae
1558 1346 1787 1402 vestrae
1833 1337 2186 1404 cancellare
2237 1363 2489 1419 manuS,

577 1447 644 1502 et
684 1448 1051 1523 permutare
1088 1440 1255 1506 vices
1296 1440 1599 1506 solvendo
1638 1442 2074 1522 innocentem,
2105 1452 2172 1508 et
2211 1444 2492 1508 ecclesiae

576 1551 888 1609 tortorem
920 1542 1459 1610 condemnatione
1490 1545 1713 1609 debita
1743 1543 2097 1610 vinciendo.
2180 1548 2489 1631 Alioquin

574 1655 825 1711 certum
872 1654 971 1711 est
1017 1648 1414 1726 scandalum,
1447 1648 1621 1730 quod
1664 1669 1873 1731 nuper
1915 1650 2194 1729 emersit,
2227 1657 2293 1714 et
2338 1673 2486 1733 apo-

574 1750 815 1814 stolicae
846 1751 1013 1814 sedis
1045 1751 1341 1886 denigrat
1373 1751 1803 1828 honestatem,
1836 1751 2043 1814 sedari
2073 1774 2205 1816 non
2235 1774 2438 1835 posse.

603 2061 1048 2125 EPISTOLA
1094 2062 1996 2125 CCCCXLV11.-nmsnffl
2024 2084 2119 2126 An
2149 2085 2450 2128 EUNDEM.

703 2212 1068 2274 Aleoeandro
1085 2231 1273 2292 papae
1304 2211 1645 2274 Willelmus
1680 2213 2075 2275 Carnotensis
2104 2214 2347 2276 electus.

658 2361 891 2424 Vleon
943 2383 1250 2425 sensuum
1302 2361 1611 2424 membris
1663 2361 1965 2425 omnibus
2016 2369 2239 2425 manat
2292 2385 2330 2425 a
2379 2384 2481 2426 ca-

569 2464 722 2547 pite,
752 2460 866 2527 'et'
903 2485 942 2526 a
1001 2471 1227 2527 sancta
1285 2459 1597 2527 Romana
1641 2464 1924 2542 ecclesia,
1986 2487 2130 2547 quae
2189 2464 2480 2527 omnium

568 2572 855 2636 fidelium
894 2580 993 2636 est
1038 2579 1250 2654 caput,
1274 2563 1702 2634 'incolumitas
1743 2570 2054 2633 universis
2099 2576 2165 2633 et
2209 2570 2479 2652 singulis

567 2676 846 2740 ecclesiis
903 2682 1302 2758 procuratur.
1424 2665 1661 2738 Nobile
1725 2674 2117 2738 membrum·
2167 2675 2306 2757 ejus
2380 2682 2479 2737 est

567 2778 776 2861 prima
823 2779 1004 2841 sedes
1052 2778 1417 2860 Anglorum
1468 2777 1954 2841 Canthariensis
2006 2776 2288 2853 ecclesia,
2339 2798 2477 2858 quae

567 2880 775 2962 prima
831 2880 1321 2975 praedicationis
1352 2880 1556 2944 officio
1618 2887 1683 2942 et
1742 2885 2289 2943 sacramentorum
2352 2878 2475 2941 dis·

566 2982 973 3064 pensatione
1002 2989 1208 3045 totam
1270 2974 1550 3044 insulam
1612 2981 1925 3045 convertit
1984 2981 2066 3044 ad
2124 2980 2338 3058 fidem,
2399 2988 2475 3043 ut

567 3105 710 3147 eam
770 3091 1079 3166 tanquam
1141 3091 1416 3179 matrem
1477 3106 1658 3147 suam
1723 3105 1945 3182 omnes
2006 3084 2145 3148 alioe
2199 3071 2475 3146 debeant

566 3186 876 3261 venerari,
911 3206 1052 3267 quae
1093 3206 1198 3248 eas
1238 3206 1353 3268 per
1393 3176 1842 3267 evangelium
1824 3179 1894 3248 ln
1925 3186 2184 3248 Christo
2224 3186 2470 3267 genuit.

569 3288 763 3350 Hanc
802 3308 936 3349 non
976 3293 1111 3350 tam
1153 3278 1510 3351 debilitare
1528 3295 1593 3349 et
1640 3278 1948 3364 scindere,
1981 3308 2174 3368 quam
2214 3285 2471 3348 subver-

563 3397 701 3454 tere
745 3389 980 3452 nititur
1022 3410 1134 3452 rex
1177 3388 1562 3471 Anglorum,
1594 3397 1670 3451 ut
1716 3409 1863 3451 cum
1910 3410 1985 3451 ea
2029 3387 2225 3451 totius
2274 3387 2473 3450 eccle-

562 3493 693 3571 siae,
727 3480 899 3576 quod
944 3490 1130 3570 absit,
1172 3492 1445 3575 perimat
1490 3491 1879 3568 libertatem,
1912 3497 1977 3554 et
2022 3490 2471 3553 auctoritatem

561 3595 725 3660 sedis
762 3586 1122 3677 apostolicae
1151 3580 1451 3658 excludat
1483 3615 1522 3656 a
1541 3593 1790 3657 -finibus
1831 3594 1981 3672 suis,
2014 3601 2081 3656 et
2121 3592 2292 3656 solus
2334 3614 2468 3656 om-

559 3698 669 3762 nia
696 3698 895 3781 possit
934 3699 1005 3760 in
1038 3697 1211 3761 Orbe
1243 3705 1379 3774 suo,
1413 3696 1523 3779 qui
1566 3695 1690 3759 sibi
1731 3697 1849 3759 soli
1888 3696 2104 3760 omnia
2124 3685 2465 3778 'concupis-·

560 3800 664 3864 cit.
784 3802 870 3864 Et
930 3800 1056 3863 nisi
1114 3801 1316 3882 ipsius
1375 3798 1669 3881 improba
1728 3797 2121 3862 'retundatur
2179 3785 2464 3875 audacia,

559 3900 740 3965 valde
768 3901 1129 3965 timendum
1163 3910 1279 3979 est,
1323 3923 1408 3964 ne
1437 3922 1632 3983 »reges
1671 3907 1737 3964 et
1776 3890 2126 3983 potestates
2167 3899 2249 3962 ad
2289 3900 2463 3964 simi-

560 4002 687 4065 lem
735 4012 960 4066 contra
1006 4004 1130 4067 Dei
1178 4004 1510 4067 ecclesiam
1560 4002 2036 4085 improbitatem
2081 4002 2197 4065 tali
2239 4023 2462 4084 provo-

559 4110 789 4168 centur
818 4105 1125 4187 exemplo.
1215 4106 1390 4169 Nam
1432 4106 1828 4189 plerumque,
1863 4106 2032 4189 quod
2072 4105 2288 4187 puniri
2327 4125 2461 4167 non

559 4206 850 4283 audiunt,
910 4206 1158 4270 licitum
1220 4208 1585 4289 opinantur.
1687 4208 1923 4270 Exulat
1977 4206 2148 4289 apud
2198 4227 2315 4269 nos
2366 4206 2462 4268 vir

555 4308 874 4372 bonorum
926 4307 1216 4371 omnium
1276 4308 1483 4372 clarus
1543 4309 1934 4386 testimonio,
1990 4307 2249 4371 domino
2300 4308 2457 4388 regi,

556 4410 856 4489 ecclesiis,
905 4416 972 4473 et
1025 4409 1442 4492 optimatibus
1494 4412 1890 4477 Francorum
1951 4417 2172 4492 gratus
2232 4415 2298 4472 et
2358 4430 2457 4471 ac-

556 4520 778 4595 ceptus
829 4532 945 4594 pro
1005 4532 1121 4575 sua
1169 4511 1547 4590 reverentia,
1600 4512 1900 4575 dominus
1953 4509 2454 4588 Cantuariensis,

1459 4615 1569 4676 1³2
