3200 5392
689 740 819 802 214
1411 757 1887 802 nmscoronmu

690 873 1161 952 describuntur,
1222 885 1287 937 et
1346 873 1431 937 ad
1488 873 1954 956 designandam
2013 875 2408 939 munditiam
2475 876 2611 939 ani-

691 978 980 1055 malium,
1013 977 1276 1060 ungulae
1305 976 1600 1040 fissuram
1640 975 1971 1059 legislator
2002 998 2134 1040 non
2169 979 2395 1057 tacuit,
2426 987 2504 1043 ut
2543 980 2613 1042 in

689 1080 939 1144 lumine
970 1078 1310 1162 multiplici
1352 1078 1569 1142 arduae
1607 1078 2011 1142 discretionis
2053 1080 2399 1159 subtilitas,
2445 1090 2508 1146 et
2543 1083 2613 1144 in

691 1183 921 1246 fissura
981 1181 1246 1264 ungulae
1306 1180 1565 1245 creditae
1613 1181 1800 1245 nobis
1849 1182 2345 1265 dispensationis
2397 1184 2612 1248 mode-

693 1308 915 1350 ramen
974 1285 1426 1349 suavissimum
1478 1283 1871 1367 designetur.
1963 1285 2068 1348 Ad
2119 1285 2258 1349 haec
2306 1309 2345 1350 a
2396 1295 2612 1350 mente

695 1398 908 1454 vestra
951 1411 1085 1452 non
1131 1387 1388 1464 excidit,
1428 1386 1599 1469 quod
1645 1386 1760 1449 ubi
1805 1386 2164 1450 multorum
2214 1396 2460 1471 strages
2504 1411 2612 1471 ap-

697 1499 901 1576 paret,
923 1489 1393 1553 detrahendum
1426 1494 1523 1552 est
1556 1488 1881 1552 severitati
1912 1489 1978 1551 in
2012 1489 2321 1572 pluribuS,
2356 1499 2422 1554 et
2452 1492 2612 1554 occi-

701 1595 882 1658 sione
912 1593 1107 1656 unius
1136 1612 1425 1674 personae
1457 1612 1590 1655 non
1631 1597 1886 1674 oportet
1928 1600 2135 1656 totam
2176 1592 2439 1656 domum
2481 1595 2611 1657 Do-

700 1698 861 1760 mini
892 1695 1151 1759 concuti
1180 1702 1317 1758 tam
1338 1694 1632 1776 -graviter
1662 1702 1727 1757 et
1765 1694 2036 1773 turbari,
2068 1696 2418 1778 praesertim
2462 1718 2610 1759 cum

703 1823 857 1885 rege
897 1806 1225 1884 peccante,
1267 1800 1321 1862 si
1360 1799 1528 1861 viam
1569 1799 1743 1882 pacis
1786 1799 2268 1863 Cantuariensis
2304 1790 2615 1884 'agnosce-

705 1911 827 1981 ret‚
851 1911 916 1967 et
947 1903 1243 1985 diligeret
1267 1901 1576 1985 agnitam,
1601 1902 1747 1984 plus
1778 1902 2123 1966 universali
2151 1903 2294 1985 paci
2317 1905 2616 1983 ecclesiae,

706 2009 851 2092 plus
897 2007 1168 2091 propriae
1212 2028 1326 2089 per
1374 2005 1942 2070 mansuetudinem
1995 2005 2341 2071 discretam
2390 2030 2616 2073 consu-

705 2112 887 2188 leret,
923 2132 1115 2194 quam
1153 2108 1763 2193 comminationibus
1803 2109 2214 2186 coruscando,
2255 2118 2321 2174 et
2360 2133 2617 2176 omnem

707 2214 1044 2298 potestatis
1075 2218 1218 2276 suae'
1244 2213 1525 2295 rigorem
1567 2211 1921 2277 exercendo
1962 2212 2273 2295 proficiat.
2365 2216 2466 2281 De
2502 2237 2617 2280 cae-

706 2327 846 2381 tero
881 2337 1002 2379 nec
1042 2337 1302 2393 novum,
1334 2336 1454 2378 nec
1493 2314 1732 2378 mirum
1775 2321 1893 2392 est,
1927 2315 2285 2378 humanum
2329 2318 2618 2387 animum

689 2418 842 2481 „falli
874 2418 973 2480 vel
995 2416 1239 2497 ¹fallere.
1323 2416 1430 2479 Ad
1459 2423 1810 2500 utrumque
1840 2417 2053 2499 posuit
2083 2417 2270 2480 nobis
2299 2421 2614 2483 cautelam

708 2519 931 2601 magni
972 2519 1218 2581 consilii
1264 2519 1533 2602 angelus
1570 2518 1826 2584 dicens:
1874 2520 2100 2582 Estote
2142 2520 2490 2602 prudentes
2536 2523 2617 2585 si-

711 2630 823 2686 cut
868 2627 1216 2703 serpenteS‚
1271 2629 1337 2684 et
1386 2621 1706 2703 simplices
1756 2622 1927 2685 sicut
1990 2623 2342 2687 columbae.·
2413 2625 2621 2689 Miror

716 2746 845 2808 qua
885 2723 1293 2806 impudentia
1326 2730 1555 2790 vestrae
1600 2725 1693 2791 sit,
1730 2724 2059 2788 serenitati
2105 2734 2481 2808 suggestum
2524 2751 2622 2792 re-

716 2848 863 2910 gem
906 2822 1292 2909 Anglorun'i‚
1326 2835 1392 2891 et
1438 2827 1685 2891 domini
1729 2826 1898 2909 regis
1936 2827 2300 2910 Anglorum
2342 2838 2404 2894 et
2449 2833 2620 2914 prin-

714 2930 869 3013 cipis
921 2929 1127 2993 nostri
1174 2930 1380 2993 filium
1438 2929 1899 3012 professionem
1951 2932 2446 2996 consecrationis
2489 2955 2621 2998 suae

713 3038 1002 3114 tempore
1033 3031 1319 3117 debitam
1349 3053 1481 3096 non
1511 3031 1756 3109 fecisse,
1789 3037 1856 3096 et
1877 3015 2324 3116 juramentum
2365 3035 2444 3100 de
2483 3038 2620 3119 qui-

715 3135 989 3199 busdam
1019 3136 1597 3200 consuetudinibus
1628 3135 2078 3198 conservandis
2098 3139 2492 3219 praestitisse.
2539 3142 2622 3211 In

717 3239 912 3303 unius
949 3239 1313 3322 negatione,
1347 3238 1872 3306 et‘affirmatione
1911 3228 2172 3302 alterius
2218 3242 2355 3323 pari
2401 3244 2625 3326 malig-

717 3341 925 3406 nitate
972 3350 1361 3425 quassatum.
1454 3343 1618 3406 Dico
1665 3341 1838 3411 enim
1886 3339 2064 3404 vobis
2116 3363 2330 3407 coram
2371 3347 2511 3409 Deo
2554 3348 2624 3409 in

710 3445 1005 3509 animam
1058 3465 1293 3522 meam,
1345 3443 1517 3527 quod
1568 3443 2029 3528 professionem
2077 3466 2116 3508 a
2162 3447 2462 3528 praedicto
2514 3450 2625 3512 do-

720 3549 901 3611 mino
929 3569 1082 3630 rege
1112 3548 1351 3610 factam
1382 3547 1596 3610 audivi
1638 3547 1709 3611 in
1748 3547 2025 3630 publico.
2117 3549 2220 3611 De
2256 3549 2628 3631 juramento

723 3658 940 3714 autem
989 3671 1110 3713 nec
1159 3656 1305 3733 post
1358 3649 1924 3735 consecrationem,
1978 3671 2097 3714 nec
2146 3657 2443 3734 tempore.
2477 3675 2627 3717 con-

725 3751 1096 3814 secrationis
1154 3772 1360 3835 usque
1419 3751 1490 3813 in
1548 3751 1716 3817 hanc
1776 3752 1948 3815 diem
2007 3754 2268 3830 auribus
2317 3755 2478 3818 meis
2529 3740 2630 3821 vel

726 3852 1053 3916 modicum
1099 3852 1365 3917 verbum
1413 3853 1722 3917 insonuit.
1814 3855 1897 3918 In
1945 3856 2244 3920 omnibus
2290 3858 2411 3937 his,
2449 3870 2633 3943 pater

728 3961 966 4033 sancte,
999 3955 1218 4038 vigilet
1249 3962 1314 4021 et
1343 3957 1671 4039 provideat
1709 3965 1932 4020 sancta
1970 3957 2271 4023 discretio
2298 3970 2526 4041 vestra,
2558 3973 2633 4029 ut

730 4058 1028 4142 quaeratis
1059 4066 1124 4122 et
1154 4061 1391 4142 rogetis
1423 4082 1565 4144 quae
1595 4059 1678 4122 ad
1705 4081 1929 4142 pacem
1969 4068 2123 4124 sunt
2163 4065 2633 4146 peregrinantis

731 4162 1175 4227 Hierusalem:
1226 4185 1310 4227 ne
1340 4164 1542 4247 major
1571 4163 1643 4225 in
1673 4162 1940 4253 ecclesia
1969 4163 2093 4226 Dei
2123 4167 2398 4228 scissura
2426 4168 2540 4230 fiat
2571 4175 2637 4231 et

728 4268 997 4351 gravior,
1028 4272 1285 4351 tempus
1315 4275 1432 4345 est,
1463 4264 1988 4341 reverendissime
2018 4274 2220 4348 pater,
2253 4270 2636 4334 ostendendi

713 4375 793 4440 ‚et
834 4368 1375 4437 exercendicirca
1416 4365 1815 4430 carissimum
1847 4367 2051 4430 filium
2084 4374 2274 4431 tuum
2316 4368 2633 4434 illustrem
