3200 5392
19 0 3187 161 ——w

711 754 793 817 72
1332 766 1734 814 Anxanum
1772 763 1956 814 PAPAE

707 889 924 972 aliqua
952 888 1201 951 ratione
1232 886 1520 950 auderes,
1616 886 1789 952 Quia
1827 907 1981 970 ergo
2009 906 2124 970 per
2154 886 2421 951 dilectos
2460 882 2622 949 filios

707 998 960 1056 nostros
1005 991 1068 1054 J.
1110 997 1176 1054 et
1225 991 1304 1053 A.
1354 989 1616 1054 clericos
1665 996 1813 1053 tuos
1862 1010 2123 1072 gravem
2171 989 2357 1053 nobis
2405 1009 2621 1053 coram

710 1092 1176 1177 querimoniam
1208 1091 1578 1175 deposuisti,
1604 1113 1893 1156 asserens
1924 1093 2097 1175 quod
2126 1099 2192 1157 te
2223 1093 2622 1177 possessione

712 1196 907 1281 hujus
953 1196 1067 1275 rei,
1117 1216 1312 1281 quam
1361 1201 1455 1273 tu,
1509 1201 1576 1259 et
1628 1201 2060 1259 antecessores
2119 1196 2239 1274 tui,
2286 1194 2621 1273 habueras,

712 1297 954 1382 absque
992 1297 1360 1381 cognitione
1397 1297 1636 1380 judicis
1676 1298 2145 1381 spoliassemus,
2176 1319 2296 1361 nos
2335 1297 2624 1360 volentes

714 1402 837 1466 tibi
874 1408 1186 1484 tanquam
1215 1400 1563 1464 venerabili
1601 1400 1786 1464 fratri
1825 1409 2047 1465 nostro
2089 1400 2354 1479 deferre,
2385 1408 2451 1464 et
2474 1400 2629 1483 jura

715 1510 834 1569 tua
873 1504 1128 1586 integra
1169 1488 1416 1567 initiata
1460 1523 1729 1579 servare,
1774 1500 2199 1585 praesentibus
2242 1501 2446 1565 literis
2496 1509 2624 1564 sta-

714 1607 981 1683 tuimus,
1016 1605 1186 1688 quod
1214 1605 1420 1669 literae
1449 1604 1902 1687 prohibitionis
1942 1612 2179 1668 nostrae
2219 1604 2472 1667 nullum
2503 1602 2623 1666 tibi

715 1707 1156 1792 praejudicium
1197 1707 1459 1784 faciant,
1494 1708 1839 1791 quominus
1878 1707 2000 1771 tibi
2048 1715 2113 1771 et
2154 1705 2624 1770 successoribus

717 1811 847 1874 tuis
876 1810 1154 1874 liberum
1185 1811 1288 1888 sit,
1322 1809 1862 1893 quemadmodum
1883 1809 2062 1873 vobis
2092 1816 2191 1873 est
2220 1807 2624 1892 privilegium

717 1911 1026 1976 beneficio
1071 1912 1433 1995 apostolicae
1473 1911 1641 1974 sedis
1679 1911 2030 1990 indultum,
2062 1918 2127 1975 et
2167 1918 2244 1975 tu
2285 1918 2351 1974 et
2385 1908 2626 1993 praede-

720 2039 997 2082 cessores
1026 2018 1126 2082 tui
1155 2017 1222 2081 id
1252 2017 1458 2080 facere
1489 2017 1925 2094 consuevistis,
1958 2025 2109 2081 ante
2139 2038 2250 2081 vos
2279 2037 2392 2100 per
2419 2022 2627 2079 totam

721 2120 1030 2203 Angliam
1083 2141 1336 2185 crucem
1387 2119 1653 2196 deferre,
1708 2140 2039 2202 quousque
2098 2119 2436 2183 diffinitiva
2486 2139 2626 2181 sen-

724 2225 933 2287 tentia
977 2223 1378 2297 decernatur,
1428 2220 1582 2302 quid
1624 2221 1891 2283 ecclesia
1936 2227 2052 2282 tua
2091 2219 2320 2283 debeat
2363 2218 2443 2281 de
2479 2220 2627 2301 jure

727 2324 985 2387 habere.

835 2634 1274 2702 EPISTOLA
1321 2634 1965 2701 CCCL--nmslmu
2002 2656 2089 2699 An
2122 2657 2187 2699 R.
2224 2654 2510 2699 enorme.

1367 2756 1995 2803 Ancnmrrscortm.

726 2891 1085 2954 Alexander
1128 2890 1242 2953 III
1283 2891 1599 2970 episcopus
1657 2910 1868 2953 servus
1913 2908 2224 2953 servorum
2267 2890 2414 2967 Dei,
2460 2910 2635 2952 vene-

813 2994 999 3057 rabili
1031 2996 1244 3076 fratri
1287 2995 1365 3055 R.
1415 2993 1799 3056 Eborac-ensi
1850 2991 2325 3073 archiepiscope,
2374 2995 2633 3055 salutem

813 3102 873 3160 et
903 3097 1308 3176 apostolicam
1339 3096 1833 3160 benedictionem.

815 3248 1404 3311 FRATERNITATEM
1458 3254 1642 3311 tuam
1703 3248 1863 3312 scire
1909 3245 2202 3310 volumus
2254 3250 2319 3307 et
2368 3243 2638 3308 firmiter

727 3358 969 3430 tenere,
1016 3351 1187 3435 quod
1233 3359 1300 3415 te
1345 3373 1422 3414 ex
1475 3352 1759 3416 caritatis
1805 3351 2069 3427 fervore,
2122 3348 2204 3412 ob
2256 3347 2639 3431 multiplicia

729 3462 858 3518 tuae
889 3455 1267 3536 gratissimae
1310 3453 1665 3516 devotionis
1707 3452 2014 3535 obsequia
2052 3452 2237 3516 nobis
2266 3452 2638 3534 frequenter

729 3556 1023 3637 impensa
1080 3554 1424 3636 diligimus,
1479 3559 1553 3616 ut
1614 3553 1777 3616 nihil
1836 3553 2175 3636 aliquando
2226 3553 2348 3617 tibi
2403 3573 2640 3634 negare

730 3655 1018 3732 velimus,
1059 3655 1229 3738 quod
1275 3655 1535 3720 cuilibet
1580 3657 1851 3720 fratrum
1898 3663 2266 3720 nostrorum
2309 3656 2637 3720 debemus.

734 3759 819 3824 In
868 3779 943 3822 eo
992 3766 1208 3822 autem
1258 3758 1429 3840 quod
1477 3759 1556 3822 de
1596 3759 2054 3842 compellendis
2102 3759 2432 3824 monachis
2479 3759 2640 3822 albis

734 3862 836 3925 vel
879 3862 1100 3944 nigris,
1122 3861 1472 3924 ‘canonicis
1510 3862 1913 3945 regularibus
1962 3864 2060 3927 vel
2113 3862 2506 3926 secularibus
2558 3861 2640 3925 ad

737 3963 1067 4027 solvendas
1121 3963 1398 4027 decimas
1447 3964 1526 4028 de
1574 3965 1764 4029 terris
1808 3965 2143 4030 conductis
2189 3986 2346 4047 quas
2397 3964 2641 4028 habent

738 4067 819 4132 ad
893 4067 1245 4130 terminum
1305 4068 1405 4130 vel
1477 4068 1557 4131 ad
1626 4070 1901 4147 firmam,
1965 4090 2003 4132 a
2059 4068 2246 4132 nobis
2315 4075 2449 4132 tuae
2517 4067 2645 4131 dis-

737 4170 1037 4234 cretionis
1084 4169 1490 4253 providentia
1530 4171 1896 4252 postulavit,
1938 4179 2004 4234 te
2048 4171 2143 4233 vel
2184 4171 2384 4234 alium
2425 4192 2644 4254 quem-

695 4296 699 4300 *
736 4274 894 4337 libet
956 4272 1176 4336 audire
1228 4271 1327 4334 vel
1380 4272 1680 4336 exaudire
1741 4273 1920 4336 nulla
1974 4273 2223 4337 ratione
2283 4295 2671 4357 possumus,-

737 4376 863 4438 nisi
912 4376 1246 4439 manifeste
1293 4374 1599 4438 vellemus
1646 4375 1900 4439 obviare
1952 4376 2238 4457 justitiae,
2286 4384 2352 4440 et
2404 4376 2645 4459 praede-
