<?xml version="1.0" encoding="UTF-8"?>
<!DOCTYPE html PUBLIC "-//W3C//DTD XHTML 1.0 Transitional//EN"
    "http://www.w3.org/TR/xhtml1/DTD/xhtml1-transitional.dtd">
<html xmlns="http://www.w3.org/1999/xhtml" xml:lang="en" lang="en">
 <head>
  <title>
</title>
<meta http-equiv="Content-Type" content="text/html;charset=utf-8" />
  <meta name='ocr-system' content='tesseract 3.04.00' />
  <meta name='ocr-capabilities' content='ocr_page ocr_carea ocr_par ocr_line ocrx_word'/>
</head>
<body>
  <div class='ocr_page' id='page_1' title='image "./gilbertiexabbat01gilegoog_0071.png"; bbox 0 0 3200 5392; ppageno 0'>
   <div class='ocr_carea' id='block_1_1' title="bbox 12 0 3194 234">
    <p class='ocr_par' dir='ltr' id='par_1_1' title="bbox 12 0 3194 234">
     <span class='ocr_line' id='line_1_1' title="bbox 12 0 3194 234; baseline 0 0"><span class='ocrx_word' id='word_1_1' title='bbox 12 0 13 234; x_wconf 95' lang='lat' dir='ltr'> </span> <span class='ocrx_word' id='word_1_2' title='bbox 3193 0 3194 234; x_wconf 95' lang='lat' dir='ltr'> </span> 
     </span>
    </p>
   </div>
   <div class='ocr_carea' id='block_1_2' title="bbox 14 130 2367 225">
    <p class='ocr_par' dir='ltr' id='par_1_2' title="bbox 14 130 2367 225">
     <span class='ocr_line' id='line_1_2' title="bbox 2320 130 2367 139; baseline 0 0"><span class='ocrx_word' id='word_1_3' title='bbox 2320 130 2367 139; x_wconf 40' lang='grc' dir='ltr'><strong>Ἄ</strong></span> 
     </span>
     <span class='ocr_line' id='line_1_3' title="bbox 14 206 629 225; baseline 0 0"><span class='ocrx_word' id='word_1_4' title='bbox 14 206 17 211; x_wconf 78' lang='grc'><em>“</em></span> <span class='ocrx_word' id='word_1_5' title='bbox 152 216 157 217; x_wconf 50' lang='lat'><em>⁷</em></span> <span class='ocrx_word' id='word_1_6' title='bbox 269 213 272 216; x_wconf 87' lang='lat'>¹</span> <span class='ocrx_word' id='word_1_7' title='bbox 300 216 323 225; x_wconf 71' lang='lat' dir='ltr'>-c-</span> <span class='ocrx_word' id='word_1_8' title='bbox 436 218 439 219; x_wconf 41' lang='grc'>’</span> <span class='ocrx_word' id='word_1_9' title='bbox 616 220 629 225; x_wconf 55' lang='lat'>1..</span> 
     </span>
    </p>
   </div>
   <div class='ocr_carea' id='block_1_3' title="bbox 606 937 2501 1020">
    <p class='ocr_par' dir='ltr' id='par_1_3' title="bbox 606 937 2501 1020">
     <span class='ocr_line' id='line_1_4' title="bbox 606 937 2501 1020; baseline 0.001 -22"><span class='ocrx_word' id='word_1_10' title='bbox 606 956 739 999; x_wconf 66' lang='lat' dir='ltr'>Am.</span> <span class='ocrx_word' id='word_1_11' title='bbox 778 937 1170 1020; x_wconf 85' lang='lat'>1161—89.]</span> <span class='ocrx_word' id='word_1_12' title='bbox 1270 955 1601 999; x_wconf 72' lang='lat' dir='ltr'>nrts‘romn</span> <span class='ocrx_word' id='word_1_13' title='bbox 1633 954 1955 1007; x_wconf 76' lang='lat' dir='ltr'><strong>QUAEDAM.</strong></span> <span class='ocrx_word' id='word_1_14' title='bbox 2017 984 2030 993; x_wconf 36' lang='grc' dir='ltr'><em>ι</em></span> <span class='ocrx_word' id='word_1_15' title='bbox 2065 952 2066 955; x_wconf 73' lang='grc'>’</span> <span class='ocrx_word' id='word_1_16' title='bbox 2419 939 2501 1000; x_wconf 84' lang='grc'>55</span> 
     </span>
    </p>
   </div>
   <div class='ocr_carea' id='block_1_4' title="bbox 605 1070 2504 1154">
    <p class='ocr_par' dir='ltr' id='par_1_4' title="bbox 605 1070 2504 1154">
     <span class='ocr_line' id='line_1_5' title="bbox 605 1070 2504 1154; baseline 0.002 -20"><span class='ocrx_word' id='word_1_17' title='bbox 605 1070 1086 1153; x_wconf 82' lang='lat' dir='ltr'>dispositionem</span> <span class='ocrx_word' id='word_1_18' title='bbox 1126 1070 1365 1154; x_wconf 87' lang='lat' dir='ltr'>pariter</span> <span class='ocrx_word' id='word_1_19' title='bbox 1402 1078 1469 1135; x_wconf 94' lang='lat' dir='ltr'>et</span> <span class='ocrx_word' id='word_1_20' title='bbox 1508 1072 2110 1137; x_wconf 83' lang='lat' dir='ltr'>condemnationem</span> <span class='ocrx_word' id='word_1_21' title='bbox 2138 1071 2504 1137; x_wconf 87' lang='lat' dir='ltr'>intendere-</span> 
     </span>
    </p>
   </div>
   <div class='ocr_carea' id='block_1_5' title="bbox 14 1174 2505 1366">
    <p class='ocr_par' dir='ltr' id='par_1_5' title="bbox 14 1174 2505 1366">
     <span class='ocr_line' id='line_1_6' title="bbox 14 1174 2503 1295; baseline 0.001 -60"><span class='ocrx_word' id='word_1_22' title='bbox 14 1182 33 1295; x_wconf 46' lang='lat' dir='ltr'><strong><em>s</em></strong></span> <span class='ocrx_word' id='word_1_23' title='bbox 604 1195 769 1252; x_wconf 92' lang='lat' dir='ltr'>mus,</span> <span class='ocrx_word' id='word_1_24' title='bbox 801 1180 866 1238; x_wconf 89' lang='lat' dir='ltr'>et</span> <span class='ocrx_word' id='word_1_25' title='bbox 895 1194 1004 1239; x_wconf 90' lang='lat' dir='ltr'>vos</span> <span class='ocrx_word' id='word_1_26' title='bbox 1032 1194 1149 1258; x_wconf 91' lang='lat' dir='ltr'>pro</span> <span class='ocrx_word' id='word_1_27' title='bbox 1178 1174 1300 1238; x_wconf 89' lang='lat' dir='ltr'>hac</span> <span class='ocrx_word' id='word_1_28' title='bbox 1326 1194 1398 1238; x_wconf 93' lang='lat' dir='ltr'>re</span> <span class='ocrx_word' id='word_1_29' title='bbox 1428 1174 1788 1256; x_wconf 80' lang='lat' dir='ltr'><strong>specialiter</strong></span> <span class='ocrx_word' id='word_1_30' title='bbox 1813 1175 2074 1241; x_wconf 91' lang='lat' dir='ltr'>mittere</span> <span class='ocrx_word' id='word_1_31' title='bbox 2103 1174 2503 1239; x_wconf 78' lang='lat' dir='ltr'><strong>deberemus.</strong></span> 
     </span>
     <span class='ocr_line' id='line_1_7' title="bbox 602 1271 2505 1366; baseline 0.001 -32"><span class='ocrx_word' id='word_1_32' title='bbox 602 1272 802 1336; x_wconf 80' lang='lat' dir='ltr'>Aliud</span> <span class='ocrx_word' id='word_1_33' title='bbox 847 1293 1098 1356; x_wconf 92' lang='lat' dir='ltr'>quoque</span> <span class='ocrx_word' id='word_1_34' title='bbox 1148 1271 1333 1336; x_wconf 92' lang='lat' dir='ltr'>nobis</span> <span class='ocrx_word' id='word_1_35' title='bbox 1381 1273 1786 1366; x_wconf 90' lang='lat' dir='ltr'>insinuatum</span> <span class='ocrx_word' id='word_1_36' title='bbox 1837 1280 1954 1354; x_wconf 91' lang='lat' dir='ltr'>est,</span> <span class='ocrx_word' id='word_1_37' title='bbox 2001 1273 2174 1356; x_wconf 86' lang='lat' dir='ltr'>quod</span> <span class='ocrx_word' id='word_1_38' title='bbox 2219 1275 2262 1338; x_wconf 86' lang='lat' dir='ltr'><strong>J</strong></span> <span class='ocrx_word' id='word_1_39' title='bbox 2264 1294 2505 1338; x_wconf 82' lang='lat' dir='ltr'>oannes</span> 
     </span>
    </p>
   </div>
   <div class='ocr_carea' id='block_1_6' title="bbox 603 1373 2527 4632">
    <p class='ocr_par' dir='ltr' id='par_1_6' title="bbox 603 1373 2527 4632">
     <span class='ocr_line' id='line_1_8' title="bbox 605 1373 2507 1458; baseline 0.001 -22"><span class='ocrx_word' id='word_1_40' title='bbox 605 1374 841 1437; x_wconf 87' lang='lat' dir='ltr'>Cumin</span> <span class='ocrx_word' id='word_1_41' title='bbox 880 1375 1099 1439; x_wconf 91' lang='lat' dir='ltr'>omnia</span> <span class='ocrx_word' id='word_1_42' title='bbox 1133 1373 1443 1456; x_wconf 90' lang='lat' dir='ltr'>rescripta</span> <span class='ocrx_word' id='word_1_43' title='bbox 1479 1374 1815 1439; x_wconf 85' lang='lat' dir='ltr'>literarum</span> <span class='ocrx_word' id='word_1_44' title='bbox 1852 1382 2242 1454; x_wconf 57' lang='lat' dir='ltr'>nostum,</span> <span class='ocrx_word' id='word_1_45' title='bbox 2274 1396 2432 1458; x_wconf 88' lang='lat' dir='ltr'>quas</span> <span class='ocrx_word' id='word_1_46' title='bbox 2466 1396 2507 1438; x_wconf 88' lang='lat' dir='ltr'>a</span> 
     </span>
     <span class='ocr_line' id='line_1_9' title="bbox 603 1474 2507 1556; baseline 0.001 -18"><span class='ocrx_word' id='word_1_47' title='bbox 603 1474 788 1539; x_wconf 93' lang='lat' dir='ltr'>nobis</span> <span class='ocrx_word' id='word_1_48' title='bbox 818 1476 1122 1556; x_wconf 80' lang='lat' dir='ltr'>obtinuit,</span> <span class='ocrx_word' id='word_1_49' title='bbox 1155 1476 1443 1541; x_wconf 85' lang='lat' dir='ltr'>Guidoni</span> <span class='ocrx_word' id='word_1_50' title='bbox 1471 1477 1800 1541; x_wconf 85' lang='lat' dir='ltr'>Cremensi</span> <span class='ocrx_word' id='word_1_51' title='bbox 1841 1477 2242 1556; x_wconf 89' lang='lat' dir='ltr'>monstravit,</span> <span class='ocrx_word' id='word_1_52' title='bbox 2273 1482 2339 1540; x_wconf 89' lang='lat' dir='ltr'>et</span> <span class='ocrx_word' id='word_1_53' title='bbox 2384 1475 2507 1540; x_wconf 89' lang='lat' dir='ltr'>sibi</span> 
     </span>
     <span class='ocr_line' id='line_1_10' title="bbox 604 1577 2505 1661; baseline 0 -21"><span class='ocrx_word' id='word_1_54' title='bbox 604 1584 849 1642; x_wconf 88' lang='lat' dir='ltr'>secreta</span> <span class='ocrx_word' id='word_1_55' title='bbox 896 1585 1119 1642; x_wconf 87' lang='lat' dir='ltr'>nostra</span> <span class='ocrx_word' id='word_1_56' title='bbox 1176 1577 1438 1642; x_wconf 79' lang='lat' dir='ltr'>detexi-t.</span> <span class='ocrx_word' id='word_1_57' title='bbox 1527 1579 1723 1642; x_wconf 85' lang='lat' dir='ltr'>Unde</span> <span class='ocrx_word' id='word_1_58' title='bbox 1772 1578 1946 1643; x_wconf 91' lang='lat' dir='ltr'>idem</span> <span class='ocrx_word' id='word_1_59' title='bbox 1997 1578 2505 1661; x_wconf 76' lang='lat' dir='ltr'>archiepiscopus</span> 
     </span>
     <span class='ocr_line' id='line_1_11' title="bbox 605 1679 2505 1760; baseline 0 -17"><span class='ocrx_word' id='word_1_60' title='bbox 605 1679 1047 1745; x_wconf 83' lang='lat' dir='ltr'>erubescentia</span> <span class='ocrx_word' id='word_1_61' title='bbox 1085 1688 1152 1744; x_wconf 93' lang='lat' dir='ltr'>et</span> <span class='ocrx_word' id='word_1_62' title='bbox 1191 1681 1409 1745; x_wconf 88' lang='lat' dir='ltr'>dolore</span> <span class='ocrx_word' id='word_1_63' title='bbox 1448 1681 1885 1760; x_wconf 86' lang='lat' dir='ltr'>confunditur,</span> <span class='ocrx_word' id='word_1_64' title='bbox 1917 1687 1983 1746; x_wconf 89' lang='lat' dir='ltr'>et</span> <span class='ocrx_word' id='word_1_65' title='bbox 2027 1681 2391 1745; x_wconf 87' lang='lat' dir='ltr'>carissimus</span> <span class='ocrx_word' id='word_1_66' title='bbox 2432 1680 2505 1743; x_wconf 93' lang='lat' dir='ltr'>in</span> 
     </span>
     <span class='ocr_line' id='line_1_12' title="bbox 604 1783 2504 1861; baseline -0.001 -13"><span class='ocrx_word' id='word_1_67' title='bbox 604 1783 861 1848; x_wconf 85' lang='lat' dir='ltr'>Christo</span> <span class='ocrx_word' id='word_1_68' title='bbox 889 1785 1059 1848; x_wconf 89' lang='lat' dir='ltr'>filius</span> <span class='ocrx_word' id='word_1_69' title='bbox 1087 1790 1309 1848; x_wconf 86' lang='lat' dir='ltr'>noster</span> <span class='ocrx_word' id='word_1_70' title='bbox 1338 1784 1701 1849; x_wconf 88' lang='lat' dir='ltr'>Ludovicus</span> <span class='ocrx_word' id='word_1_71' title='bbox 1735 1784 2004 1849; x_wconf 87' lang='lat' dir='ltr'>illustris</span> <span class='ocrx_word' id='word_1_72' title='bbox 2044 1805 2156 1848; x_wconf 86' lang='lat' dir='ltr'>rex</span> <span class='ocrx_word' id='word_1_73' title='bbox 2195 1783 2504 1861; x_wconf 84' lang='lat' dir='ltr'>Franciae,</span> 
     </span>
     <span class='ocr_line' id='line_1_13' title="bbox 604 1885 2506 1971; baseline 0.001 -23"><span class='ocrx_word' id='word_1_74' title='bbox 604 1891 670 1948; x_wconf 94' lang='lat' dir='ltr'>et</span> <span class='ocrx_word' id='word_1_75' title='bbox 708 1886 1027 1970; x_wconf 85' lang='lat' dir='ltr'>principes</span> <span class='ocrx_word' id='word_1_76' title='bbox 1067 1889 1205 1971; x_wconf 87' lang='lat' dir='ltr'>ejus</span> <span class='ocrx_word' id='word_1_77' title='bbox 1244 1908 1379 1951; x_wconf 91' lang='lat' dir='ltr'>non</span> <span class='ocrx_word' id='word_1_78' title='bbox 1417 1908 1647 1969; x_wconf 86' lang='lat' dir='ltr'>parum</span> <span class='ocrx_word' id='word_1_79' title='bbox 1678 1893 1832 1950; x_wconf 85' lang='lat' dir='ltr'>sunt</span> <span class='ocrx_word' id='word_1_80' title='bbox 1872 1886 1952 1950; x_wconf 94' lang='lat' dir='ltr'>de</span> <span class='ocrx_word' id='word_1_81' title='bbox 1991 1885 2361 1970; x_wconf 85' lang='lat' dir='ltr'>hujusmodi</span> <span class='ocrx_word' id='word_1_82' title='bbox 2398 1906 2506 1949; x_wconf 89' lang='lat' dir='ltr'>ru-</span> 
     </span>
     <span class='ocr_line' id='line_1_14' title="bbox 605 1988 2507 2067; baseline -0.001 -16"><span class='ocrx_word' id='word_1_83' title='bbox 605 1989 890 2052; x_wconf 87' lang='lat' dir='ltr'>moribus</span> <span class='ocrx_word' id='word_1_84' title='bbox 929 1988 1317 2067; x_wconf 89' lang='lat' dir='ltr'>conturbati,</span> <span class='ocrx_word' id='word_1_85' title='bbox 1349 1996 1416 2053; x_wconf 90' lang='lat' dir='ltr'>et</span> <span class='ocrx_word' id='word_1_86' title='bbox 1454 1989 1868 2061; x_wconf 85' lang='lat' dir='ltr'>vehementer</span> <span class='ocrx_word' id='word_1_87' title='bbox 1901 1989 2228 2053; x_wconf 90' lang='lat' dir='ltr'>commoti.</span> <span class='ocrx_word' id='word_1_88' title='bbox 2322 1988 2507 2052; x_wconf 89' lang='lat' dir='ltr'>Licet</span> 
     </span>
     <span class='ocr_line' id='line_1_15' title="bbox 606 2089 2509 2174; baseline 0.001 -21"><span class='ocrx_word' id='word_1_89' title='bbox 606 2096 826 2153; x_wconf 84' lang='lat' dir='ltr'>autem</span> <span class='ocrx_word' id='word_1_90' title='bbox 865 2112 904 2154; x_wconf 88' lang='lat' dir='ltr'>a</span> <span class='ocrx_word' id='word_1_91' title='bbox 939 2089 1230 2174; x_wconf 87' lang='lat' dir='ltr'>pluribus</span> <span class='ocrx_word' id='word_1_92' title='bbox 1269 2090 1455 2155; x_wconf 91' lang='lat' dir='ltr'>nobis</span> <span class='ocrx_word' id='word_1_93' title='bbox 1488 2096 1906 2174; x_wconf 83' lang='lat' dir='ltr'>proponatur,</span> <span class='ocrx_word' id='word_1_94' title='bbox 1940 2098 2006 2155; x_wconf 91' lang='lat' dir='ltr'>et</span> <span class='ocrx_word' id='word_1_95' title='bbox 2037 2090 2509 2174; x_wconf 89' lang='lat' dir='ltr'>quodammodo</span> 
     </span>
     <span class='ocr_line' id='line_1_16' title="bbox 609 2191 2509 2275; baseline 0 -21"><span class='ocrx_word' id='word_1_96' title='bbox 609 2191 911 2255; x_wconf 86' lang='lat' dir='ltr'>credibile</span> <span class='ocrx_word' id='word_1_97' title='bbox 952 2191 1262 2270; x_wconf 89' lang='lat' dir='ltr'>videatur,</span> <span class='ocrx_word' id='word_1_98' title='bbox 1306 2191 1478 2275; x_wconf 90' lang='lat' dir='ltr'>quod</span> <span class='ocrx_word' id='word_1_99' title='bbox 1519 2191 1863 2275; x_wconf 81' lang='lat' dir='ltr'>praedictus</span> <span class='ocrx_word' id='word_1_100' title='bbox 1908 2195 1949 2256; x_wconf 88' lang='lat' dir='ltr'><strong>J</strong></span> <span class='ocrx_word' id='word_1_101' title='bbox 1953 2213 2193 2256; x_wconf 87' lang='lat' dir='ltr'>oannes</span> <span class='ocrx_word' id='word_1_102' title='bbox 2235 2212 2353 2274; x_wconf 90' lang='lat' dir='ltr'>pro</span> <span class='ocrx_word' id='word_1_103' title='bbox 2394 2192 2509 2255; x_wconf 88' lang='lat' dir='ltr'>ho-</span> 
     </span>
     <span class='ocr_line' id='line_1_17' title="bbox 611 2293 2514 2378; baseline 0 -21"><span class='ocrx_word' id='word_1_104' title='bbox 611 2315 769 2358; x_wconf 89' lang='lat' dir='ltr'>nore</span> <span class='ocrx_word' id='word_1_105' title='bbox 799 2300 864 2358; x_wconf 85' lang='lat' dir='ltr'>et</span> <span class='ocrx_word' id='word_1_106' title='bbox 895 2295 1281 2358; x_wconf 87' lang='lat' dir='ltr'>exaltatione</span> <span class='ocrx_word' id='word_1_107' title='bbox 1309 2295 1599 2378; x_wconf 77' lang='lat' dir='ltr'>praedicti</span> <span class='ocrx_word' id='word_1_108' title='bbox 1630 2294 2084 2378; x_wconf 88' lang='lat' dir='ltr'>archiepiscopi</span> <span class='ocrx_word' id='word_1_109' title='bbox 2128 2302 2194 2359; x_wconf 92' lang='lat' dir='ltr'>et</span> <span class='ocrx_word' id='word_1_110' title='bbox 2233 2293 2514 2358; x_wconf 79' lang='lat' dir='ltr'>ecclesiae</span> 
     </span>
     <span class='ocr_line' id='line_1_18' title="bbox 614 2395 2515 2480; baseline 0 -22"><span class='ocrx_word' id='word_1_111' title='bbox 614 2418 765 2476; x_wconf 88' lang='lat' dir='ltr'>suae,</span> <span class='ocrx_word' id='word_1_112' title='bbox 798 2402 864 2461; x_wconf 93' lang='lat' dir='ltr'>et</span> <span class='ocrx_word' id='word_1_113' title='bbox 905 2418 1025 2480; x_wconf 88' lang='lat' dir='ltr'>pro</span> <span class='ocrx_word' id='word_1_114' title='bbox 1066 2396 1365 2461; x_wconf 88' lang='lat' dir='ltr'>libertate</span> <span class='ocrx_word' id='word_1_115' title='bbox 1406 2397 1686 2461; x_wconf 78' lang='lat' dir='ltr'>ecclesiae</span> <span class='ocrx_word' id='word_1_116' title='bbox 1714 2403 1993 2475; x_wconf 90' lang='lat' dir='ltr'>tantum,</span> <span class='ocrx_word' id='word_1_117' title='bbox 2026 2403 2090 2460; x_wconf 89' lang='lat' dir='ltr'>et</span> <span class='ocrx_word' id='word_1_118' title='bbox 2119 2397 2211 2460; x_wconf 85' lang='lat' dir='ltr'>ita</span> <span class='ocrx_word' id='word_1_119' title='bbox 2238 2395 2515 2461; x_wconf 87' lang='lat' dir='ltr'>fideliter</span> 
     </span>
     <span class='ocr_line' id='line_1_19' title="bbox 610 2498 2514 2583; baseline -0.001 -20"><span class='ocrx_word' id='word_1_120' title='bbox 610 2498 1010 2579; x_wconf 87' lang='lat' dir='ltr'>laboraverit,</span> <span class='ocrx_word' id='word_1_121' title='bbox 1061 2500 1233 2583; x_wconf 90' lang='lat' dir='ltr'>quod</span> <span class='ocrx_word' id='word_1_122' title='bbox 1283 2499 1497 2564; x_wconf 85' lang='lat' dir='ltr'>studio</span> <span class='ocrx_word' id='word_1_123' title='bbox 1551 2506 1617 2564; x_wconf 93' lang='lat' dir='ltr'>et</span> <span class='ocrx_word' id='word_1_124' title='bbox 1672 2498 2100 2563; x_wconf 86' lang='lat' dir='ltr'>sollicitudine</span> <span class='ocrx_word' id='word_1_125' title='bbox 2153 2521 2287 2577; x_wconf 89' lang='lat' dir='ltr'>sua,</span> <span class='ocrx_word' id='word_1_126' title='bbox 2340 2504 2514 2581; x_wconf 90' lang='lat' dir='ltr'>post-</span> 
     </span>
     <span class='ocr_line' id='line_1_20' title="bbox 613 2598 2516 2687; baseline -0.001 -21"><span class='ocrx_word' id='word_1_127' title='bbox 613 2624 806 2686; x_wconf 87' lang='lat' dir='ltr'>quam</span> <span class='ocrx_word' id='word_1_128' title='bbox 844 2603 928 2667; x_wconf 86' lang='lat' dir='ltr'>ad</span> <span class='ocrx_word' id='word_1_129' title='bbox 965 2603 1221 2687; x_wconf 80' lang='lat' dir='ltr'>propria</span> <span class='ocrx_word' id='word_1_130' title='bbox 1249 2598 1463 2683; x_wconf 87' lang='lat' dir='ltr'>rediit,</span> <span class='ocrx_word' id='word_1_131' title='bbox 1494 2605 1662 2668; x_wconf 89' lang='lat' dir='ltr'>viros</span> <span class='ocrx_word' id='word_1_132' title='bbox 1692 2602 2166 2681; x_wconf 89' lang='lat' dir='ltr'>ecclesiasticos,</span> <span class='ocrx_word' id='word_1_133' title='bbox 2200 2602 2311 2686; x_wconf 88' lang='lat' dir='ltr'>qui</span> <span class='ocrx_word' id='word_1_134' title='bbox 2338 2601 2516 2685; x_wconf 85' lang='lat' dir='ltr'>regia</span> 
     </span>
     <span class='ocr_line' id='line_1_21' title="bbox 611 2704 2513 2789; baseline -0.001 -21"><span class='ocrx_word' id='word_1_135' title='bbox 611 2705 903 2788; x_wconf 86' lang='lat' dir='ltr'>captione</span> <span class='ocrx_word' id='word_1_136' title='bbox 950 2705 1427 2785; x_wconf 84' lang='lat' dir='ltr'>detinebantur,</span> <span class='ocrx_word' id='word_1_137' title='bbox 1475 2706 1556 2770; x_wconf 88' lang='lat' dir='ltr'>ab</span> <span class='ocrx_word' id='word_1_138' title='bbox 1606 2707 1932 2789; x_wconf 85' lang='lat' dir='ltr'>ergastulo</span> <span class='ocrx_word' id='word_1_139' title='bbox 1980 2706 2249 2770; x_wconf 87' lang='lat' dir='ltr'>carceris</span> <span class='ocrx_word' id='word_1_140' title='bbox 2291 2704 2513 2769; x_wconf 86' lang='lat' dir='ltr'>fecerit</span> 
     </span>
     <span class='ocr_line' id='line_1_22' title="bbox 611 2806 2517 2892; baseline 0.001 -23"><span class='ocrx_word' id='word_1_141' title='bbox 611 2806 888 2871; x_wconf 89' lang='lat' dir='ltr'>liberari.</span> <span class='ocrx_word' id='word_1_142' title='bbox 978 2810 1067 2872; x_wconf 87' lang='lat' dir='ltr'>Et</span> <span class='ocrx_word' id='word_1_143' title='bbox 1116 2809 1313 2872; x_wconf 88' lang='lat' dir='ltr'>etiam</span> <span class='ocrx_word' id='word_1_144' title='bbox 1359 2809 1533 2873; x_wconf 89' lang='lat' dir='ltr'>idem</span> <span class='ocrx_word' id='word_1_145' title='bbox 1582 2810 1624 2872; x_wconf 88' lang='lat' dir='ltr'><strong>J</strong></span> <span class='ocrx_word' id='word_1_146' title='bbox 1628 2829 1869 2873; x_wconf 89' lang='lat' dir='ltr'>oannes</span> <span class='ocrx_word' id='word_1_147' title='bbox 1924 2830 2041 2892; x_wconf 90' lang='lat' dir='ltr'>per</span> <span class='ocrx_word' id='word_1_148' title='bbox 2096 2808 2315 2873; x_wconf 90' lang='lat' dir='ltr'>literas</span> <span class='ocrx_word' id='word_1_149' title='bbox 2368 2827 2517 2870; x_wconf 83' lang='lat' dir='ltr'>suas</span> 
     </span>
     <span class='ocr_line' id='line_1_23' title="bbox 611 2908 2515 2994; baseline 0.001 -23"><span class='ocrx_word' id='word_1_150' title='bbox 611 2909 798 2972; x_wconf 93' lang='lat' dir='ltr'>nobis</span> <span class='ocrx_word' id='word_1_151' title='bbox 838 2909 1223 2993; x_wconf 80' lang='lat' dir='ltr'>significavit</span> <span class='ocrx_word' id='word_1_152' title='bbox 1251 2932 1469 2994; x_wconf 85' lang='lat' dir='ltr'>regem</span> <span class='ocrx_word' id='word_1_153' title='bbox 1498 2910 1755 2994; x_wconf 91' lang='lat' dir='ltr'>publice</span> <span class='ocrx_word' id='word_1_154' title='bbox 1786 2931 1999 2975; x_wconf 89' lang='lat' dir='ltr'>coram</span> <span class='ocrx_word' id='word_1_155' title='bbox 2029 2909 2252 2973; x_wconf 89' lang='lat' dir='ltr'>multis</span> <span class='ocrx_word' id='word_1_156' title='bbox 2283 2908 2515 2972; x_wconf 81' lang='lat' dir='ltr'>dixisse</span> 
     </span>
     <span class='ocr_line' id='line_1_24' title="bbox 611 3012 2516 3094; baseline -0.001 -20"><span class='ocrx_word' id='word_1_157' title='bbox 611 3033 678 3075; x_wconf 92' lang='lat' dir='ltr'>se</span> <span class='ocrx_word' id='word_1_158' title='bbox 718 3012 878 3076; x_wconf 90' lang='lat' dir='ltr'>velle</span> <span class='ocrx_word' id='word_1_159' title='bbox 916 3013 1158 3076; x_wconf 89' lang='lat' dir='ltr'>clericis</span> <span class='ocrx_word' id='word_1_160' title='bbox 1200 3035 1331 3077; x_wconf 86' lang='lat' dir='ltr'>suae</span> <span class='ocrx_word' id='word_1_161' title='bbox 1370 3021 1560 3078; x_wconf 79' lang='lat' dir='ltr'>terrae</span> <span class='ocrx_word' id='word_1_162' title='bbox 1602 3013 1780 3077; x_wconf 90' lang='lat' dir='ltr'>illam</span> <span class='ocrx_word' id='word_1_163' title='bbox 1820 3013 2209 3091; x_wconf 86' lang='lat' dir='ltr'>libertatem,</span> <span class='ocrx_word' id='word_1_164' title='bbox 2242 3032 2437 3094; x_wconf 91' lang='lat' dir='ltr'>quam</span> <span class='ocrx_word' id='word_1_165' title='bbox 2477 3032 2516 3073; x_wconf 90' lang='lat' dir='ltr'>a</span> 
     </span>
     <span class='ocr_line' id='line_1_25' title="bbox 610 3112 2518 3197; baseline -0.001 -19"><span class='ocrx_word' id='word_1_166' title='bbox 610 3121 897 3197; x_wconf 91' lang='lat' dir='ltr'>tempore</span> <span class='ocrx_word' id='word_1_167' title='bbox 950 3115 1220 3179; x_wconf 87' lang='lat' dir='ltr'>Henrici</span> <span class='ocrx_word' id='word_1_168' title='bbox 1280 3117 1379 3180; x_wconf 86' lang='lat' dir='ltr'>avi</span> <span class='ocrx_word' id='word_1_169' title='bbox 1438 3116 1539 3179; x_wconf 90' lang='lat' dir='ltr'>sui</span> <span class='ocrx_word' id='word_1_170' title='bbox 1594 3116 1932 3194; x_wconf 88' lang='lat' dir='ltr'>habuerat,</span> <span class='ocrx_word' id='word_1_171' title='bbox 1987 3135 2251 3179; x_wconf 87' lang='lat' dir='ltr'>servare.</span> <span class='ocrx_word' id='word_1_172' title='bbox 2347 3112 2518 3179; x_wconf 80' lang='lat' dir='ltr'>Quia</span> 
     </span>
     <span class='ocr_line' id='line_1_26' title="bbox 610 3215 2515 3301; baseline -0.001 -22"><span class='ocrx_word' id='word_1_173' title='bbox 610 3222 834 3279; x_wconf 84' lang='lat' dir='ltr'>tamen</span> <span class='ocrx_word' id='word_1_174' title='bbox 879 3216 1247 3300; x_wconf 88' lang='lat' dir='ltr'>hujusmodi</span> <span class='ocrx_word' id='word_1_175' title='bbox 1291 3218 1466 3281; x_wconf 85' lang='lat' dir='ltr'>fama</span> <span class='ocrx_word' id='word_1_176' title='bbox 1509 3239 1714 3301; x_wconf 89' lang='lat' dir='ltr'>usque</span> <span class='ocrx_word' id='word_1_177' title='bbox 1762 3217 1921 3281; x_wconf 90' lang='lat' dir='ltr'>adeo</span> <span class='ocrx_word' id='word_1_178' title='bbox 1967 3217 2184 3295; x_wconf 89' lang='lat' dir='ltr'>crevit,</span> <span class='ocrx_word' id='word_1_179' title='bbox 2227 3215 2401 3299; x_wconf 88' lang='lat' dir='ltr'>quod</span> <span class='ocrx_word' id='word_1_180' title='bbox 2443 3215 2515 3278; x_wconf 91' lang='lat' dir='ltr'>in</span> 
     </span>
     <span class='ocr_line' id='line_1_27' title="bbox 613 3317 2516 3401; baseline 0.001 -22"><span class='ocrx_word' id='word_1_181' title='bbox 613 3317 902 3400; x_wconf 88' lang='lat' dir='ltr'>partibus</span> <span class='ocrx_word' id='word_1_182' title='bbox 943 3318 1069 3381; x_wconf 90' lang='lat' dir='ltr'>illis</span> <span class='ocrx_word' id='word_1_183' title='bbox 1113 3320 1481 3401; x_wconf 91' lang='lat' dir='ltr'>opinionem</span> <span class='ocrx_word' id='word_1_184' title='bbox 1523 3326 1813 3383; x_wconf 88' lang='lat' dir='ltr'>nostram</span> <span class='ocrx_word' id='word_1_185' title='bbox 1858 3320 2116 3381; x_wconf 90' lang='lat' dir='ltr'>sinistra</span> <span class='ocrx_word' id='word_1_186' title='bbox 2152 3318 2308 3381; x_wconf 88' lang='lat' dir='ltr'>facit</span> <span class='ocrx_word' id='word_1_187' title='bbox 2347 3318 2516 3382; x_wconf 88' lang='lat' dir='ltr'>aesti-</span> 
     </span>
     <span class='ocr_line' id='line_1_28' title="bbox 613 3420 2517 3500; baseline -0.001 -18"><span class='ocrx_word' id='word_1_188' title='bbox 613 3420 900 3485; x_wconf 87' lang='lat' dir='ltr'>matione</span> <span class='ocrx_word' id='word_1_189' title='bbox 973 3420 1244 3500; x_wconf 87' lang='lat' dir='ltr'>corrodi,</span> <span class='ocrx_word' id='word_1_190' title='bbox 1305 3420 1756 3484; x_wconf 90' lang='lat' dir='ltr'>discretionem</span> <span class='ocrx_word' id='word_1_191' title='bbox 1828 3427 2106 3484; x_wconf 87' lang='lat' dir='ltr'>vestram</span> <span class='ocrx_word' id='word_1_192' title='bbox 2179 3440 2517 3482; x_wconf 90' lang='lat' dir='ltr'>monemus</span> 
     </span>
     <span class='ocr_line' id='line_1_29' title="bbox 615 3516 2517 3606; baseline -0.001 -20"><span class='ocrx_word' id='word_1_193' title='bbox 615 3530 808 3606; x_wconf 90' lang='lat' dir='ltr'>atque</span> <span class='ocrx_word' id='word_1_194' title='bbox 837 3522 1239 3603; x_wconf 90' lang='lat' dir='ltr'>mandamus,</span> <span class='ocrx_word' id='word_1_195' title='bbox 1272 3529 1592 3606; x_wconf 89' lang='lat' dir='ltr'>quatenus</span> <span class='ocrx_word' id='word_1_196' title='bbox 1623 3516 1932 3586; x_wconf 83' lang='lat' dir='ltr'>continuo</span> <span class='ocrx_word' id='word_1_197' title='bbox 1971 3543 2087 3605; x_wconf 91' lang='lat' dir='ltr'>per</span> <span class='ocrx_word' id='word_1_198' title='bbox 2123 3522 2342 3585; x_wconf 88' lang='lat' dir='ltr'>literas</span> <span class='ocrx_word' id='word_1_199' title='bbox 2371 3542 2517 3585; x_wconf 91' lang='lat' dir='ltr'>nos-</span> 
     </span>
     <span class='ocr_line' id='line_1_30' title="bbox 613 3624 2519 3709; baseline -0.003 -19"><span class='ocrx_word' id='word_1_200' title='bbox 613 3632 747 3690; x_wconf 89' lang='lat' dir='ltr'>tras</span> <span class='ocrx_word' id='word_1_201' title='bbox 790 3627 1170 3708; x_wconf 74' lang='lat' dir='ltr'>praedictum</span> <span class='ocrx_word' id='word_1_202' title='bbox 1215 3626 1762 3709; x_wconf 86' lang='lat' dir='ltr'>archiepiscopum</span> <span class='ocrx_word' id='word_1_203' title='bbox 1806 3625 2121 3689; x_wconf 87' lang='lat' dir='ltr'>consolari</span> <span class='ocrx_word' id='word_1_204' title='bbox 2165 3624 2421 3702; x_wconf 88' lang='lat' dir='ltr'>curetis,</span> <span class='ocrx_word' id='word_1_205' title='bbox 2453 3630 2519 3686; x_wconf 93' lang='lat' dir='ltr'>et</span> 
     </span>
     <span class='ocr_line' id='line_1_31' title="bbox 616 3726 2518 3813; baseline -0.001 -22"><span class='ocrx_word' id='word_1_206' title='bbox 616 3729 794 3792; x_wconf 92' lang='lat' dir='ltr'>omni</span> <span class='ocrx_word' id='word_1_207' title='bbox 845 3728 926 3792; x_wconf 90' lang='lat' dir='ltr'>ab</span> <span class='ocrx_word' id='word_1_208' title='bbox 978 3729 1194 3794; x_wconf 89' lang='lat' dir='ltr'>animo</span> <span class='ocrx_word' id='word_1_209' title='bbox 1245 3730 1384 3813; x_wconf 86' lang='lat' dir='ltr'>ejus</span> <span class='ocrx_word' id='word_1_210' title='bbox 1436 3728 1933 3793; x_wconf 88' lang='lat' dir='ltr'>amaritudinem</span> <span class='ocrx_word' id='word_1_211' title='bbox 1981 3734 2047 3792; x_wconf 88' lang='lat' dir='ltr'>et</span> <span class='ocrx_word' id='word_1_212' title='bbox 2094 3726 2518 3810; x_wconf 89' lang='lat' dir='ltr'>suspicionem</span> 
     </span>
     <span class='ocr_line' id='line_1_32' title="bbox 612 3828 2518 3915; baseline -0.003 -18"><span class='ocrx_word' id='word_1_213' title='bbox 612 3833 934 3911; x_wconf 85' lang='lat' dir='ltr'>tollentes,</span> <span class='ocrx_word' id='word_1_214' title='bbox 980 3853 1131 3896; x_wconf 93' lang='lat' dir='ltr'>eum</span> <span class='ocrx_word' id='word_1_215' title='bbox 1174 3833 1480 3914; x_wconf 77' lang='lat' dir='ltr'>praedicto</span> <span class='ocrx_word' id='word_1_216' title='bbox 1526 3831 1666 3915; x_wconf 84' lang='lat' dir='ltr'>regi</span> <span class='ocrx_word' id='word_1_217' title='bbox 1711 3832 1783 3894; x_wconf 93' lang='lat' dir='ltr'>in</span> <span class='ocrx_word' id='word_1_218' title='bbox 1833 3831 2057 3914; x_wconf 90' lang='lat' dir='ltr'>primis</span> <span class='ocrx_word' id='word_1_219' title='bbox 2101 3828 2518 3907; x_wconf 86' lang='lat' dir='ltr'>reconciliari,</span> 
     </span>
     <span class='ocr_line' id='line_1_33' title="bbox 618 3925 2523 4017; baseline -0.002 -19"><span class='ocrx_word' id='word_1_220' title='bbox 618 3941 685 3998; x_wconf 88' lang='lat' dir='ltr'>et</span> <span class='ocrx_word' id='word_1_221' title='bbox 735 3934 993 4016; x_wconf 93' lang='lat' dir='ltr'>plenam</span> <span class='ocrx_word' id='word_1_222' title='bbox 1041 3925 1215 3997; x_wconf 87' lang='lat' dir='ltr'>inter</span> <span class='ocrx_word' id='word_1_223' title='bbox 1266 3956 1372 3998; x_wconf 93' lang='lat' dir='ltr'>eos</span> <span class='ocrx_word' id='word_1_224' title='bbox 1430 3952 1655 4017; x_wconf 88' lang='lat' dir='ltr'>pacem</span> <span class='ocrx_word' id='word_1_225' title='bbox 1706 3953 2087 4016; x_wconf 89' lang='lat' dir='ltr'>componere</span> <span class='ocrx_word' id='word_1_226' title='bbox 2138 3931 2523 3995; x_wconf 90' lang='lat' dir='ltr'>omnimodis</span> 
     </span>
     <span class='ocr_line' id='line_1_34' title="bbox 618 4034 2523 4120; baseline -0.002 -21"><span class='ocrx_word' id='word_1_227' title='bbox 618 4036 990 4115; x_wconf 88' lang='lat' dir='ltr'>intendatis,</span> <span class='ocrx_word' id='word_1_228' title='bbox 1039 4043 1104 4101; x_wconf 88' lang='lat' dir='ltr'>et</span> <span class='ocrx_word' id='word_1_229' title='bbox 1150 4044 1396 4120; x_wconf 89' lang='lat' dir='ltr'>quanta</span> <span class='ocrx_word' id='word_1_230' title='bbox 1446 4035 1737 4119; x_wconf 87' lang='lat' dir='ltr'>poteritis</span> <span class='ocrx_word' id='word_1_231' title='bbox 1791 4035 1874 4099; x_wconf 93' lang='lat' dir='ltr'>ad</span> <span class='ocrx_word' id='word_1_232' title='bbox 1923 4035 2046 4100; x_wconf 91' lang='lat' dir='ltr'>hoc</span> <span class='ocrx_word' id='word_1_233' title='bbox 2096 4034 2523 4098; x_wconf 89' lang='lat' dir='ltr'>sollicitudine</span> 
     </span>
     <span class='ocr_line' id='line_1_35' title="bbox 622 4138 2523 4222; baseline -0.002 -20"><span class='ocrx_word' id='word_1_234' title='bbox 622 4145 688 4202; x_wconf 82' lang='lat' dir='ltr'>‘et</span> <span class='ocrx_word' id='word_1_235' title='bbox 725 4139 1059 4221; x_wconf 85' lang='lat' dir='ltr'>diligentia</span> <span class='ocrx_word' id='word_1_236' title='bbox 1086 4138 1460 4204; x_wconf 88' lang='lat' dir='ltr'>elaboretis:</span> <span class='ocrx_word' id='word_1_237' title='bbox 1506 4139 1601 4202; x_wconf 92' lang='lat' dir='ltr'>ita</span> <span class='ocrx_word' id='word_1_238' title='bbox 1631 4138 1803 4222; x_wconf 87' lang='lat' dir='ltr'>quod</span> <span class='ocrx_word' id='word_1_239' title='bbox 1833 4138 1952 4201; x_wconf 90' lang='lat' dir='ltr'>sibi</span> <span class='ocrx_word' id='word_1_240' title='bbox 1983 4145 2048 4202; x_wconf 93' lang='lat' dir='ltr'>et</span> <span class='ocrx_word' id='word_1_241' title='bbox 2078 4138 2360 4202; x_wconf 88' lang='lat' dir='ltr'>ecclesiae</span> <span class='ocrx_word' id='word_1_242' title='bbox 2390 4155 2523 4200; x_wconf 84' lang='lat' dir='ltr'>suae</span> 
     </span>
     <span class='ocr_line' id='line_1_36' title="bbox 622 4238 2521 4328; baseline -0.002 -24"><span class='ocrx_word' id='word_1_243' title='bbox 622 4241 889 4325; x_wconf 90' lang='lat' dir='ltr'>antiqua</span> <span class='ocrx_word' id='word_1_244' title='bbox 919 4243 1071 4327; x_wconf 90' lang='lat' dir='ltr'>jura</span> <span class='ocrx_word' id='word_1_245' title='bbox 1100 4248 1165 4306; x_wconf 92' lang='lat' dir='ltr'>et</span> <span class='ocrx_word' id='word_1_246' title='bbox 1194 4242 1526 4328; x_wconf 85' lang='lat' dir='ltr'>libertates</span> <span class='ocrx_word' id='word_1_247' title='bbox 1565 4242 1820 4324; x_wconf 87' lang='lat' dir='ltr'>integre</span> <span class='ocrx_word' id='word_1_248' title='bbox 1851 4247 1917 4305; x_wconf 88' lang='lat' dir='ltr'>et</span> <span class='ocrx_word' id='word_1_249' title='bbox 1944 4240 2191 4305; x_wconf 88' lang='lat' dir='ltr'>illibate</span> <span class='ocrx_word' id='word_1_250' title='bbox 2221 4238 2521 4314; x_wconf 87' lang='lat' dir='ltr'>servetis;</span> 
     </span>
     <span class='ocr_line' id='line_1_37' title="bbox 624 4338 2525 4428; baseline -0.003 -22"><span class='ocrx_word' id='word_1_251' title='bbox 624 4364 745 4407; x_wconf 90' lang='lat' dir='ltr'>nec</span> <span class='ocrx_word' id='word_1_252' title='bbox 789 4344 861 4407; x_wconf 89' lang='lat' dir='ltr'>in</span> <span class='ocrx_word' id='word_1_253' title='bbox 903 4350 1079 4409; x_wconf 90' lang='lat' dir='ltr'>terra</span> <span class='ocrx_word' id='word_1_254' title='bbox 1120 4345 1323 4428; x_wconf 92' lang='lat' dir='ltr'>ipsius</span> <span class='ocrx_word' id='word_1_255' title='bbox 1369 4343 1633 4428; x_wconf 89' lang='lat' dir='ltr'>aliquid,</span> <span class='ocrx_word' id='word_1_256' title='bbox 1679 4344 1851 4426; x_wconf 90' lang='lat' dir='ltr'>quod</span> <span class='ocrx_word' id='word_1_257' title='bbox 1889 4363 2201 4426; x_wconf 84' lang='lat' dir='ltr'>magnum</span> <span class='ocrx_word' id='word_1_258' title='bbox 2245 4339 2328 4403; x_wconf 90' lang='lat' dir='ltr'>sit</span> <span class='ocrx_word' id='word_1_259' title='bbox 2371 4338 2525 4402; x_wconf 85' lang='lat' dir='ltr'>faci-</span> 
     </span>
     <span class='ocr_line' id='line_1_38' title="bbox 621 4440 2527 4531; baseline -0.004 -21"><span class='ocrx_word' id='word_1_260' title='bbox 621 4446 765 4525; x_wconf 84' lang='lat' dir='ltr'>atis,</span> <span class='ocrx_word' id='word_1_261' title='bbox 802 4452 870 4511; x_wconf 91' lang='lat' dir='ltr'>et</span> <span class='ocrx_word' id='word_1_262' title='bbox 911 4446 983 4510; x_wconf 92' lang='lat' dir='ltr'>in</span> <span class='ocrx_word' id='word_1_263' title='bbox 1024 4468 1296 4530; x_wconf 84' lang='lat' dir='ltr'>regnum</span> <span class='ocrx_word' id='word_1_264' title='bbox 1344 4448 1502 4531; x_wconf 89' lang='lat' dir='ltr'>ejus,</span> <span class='ocrx_word' id='word_1_265' title='bbox 1549 4445 1604 4510; x_wconf 92' lang='lat' dir='ltr'>si</span> <span class='ocrx_word' id='word_1_266' title='bbox 1652 4468 1760 4511; x_wconf 84' lang='lat' dir='ltr'>vos</span> <span class='ocrx_word' id='word_1_267' title='bbox 1801 4446 2046 4510; x_wconf 88' lang='lat' dir='ltr'>intrare</span> <span class='ocrx_word' id='word_1_268' title='bbox 2088 4443 2300 4520; x_wconf 83' lang='lat' dir='ltr'>vellet,</span> <span class='ocrx_word' id='word_1_269' title='bbox 2344 4440 2527 4504; x_wconf 89' lang='lat' dir='ltr'>nulla</span> 
     </span>
     <span class='ocr_line' id='line_1_39' title="bbox 623 4542 2527 4632; baseline -0.004 -19"><span class='ocrx_word' id='word_1_270' title='bbox 623 4548 875 4613; x_wconf 84' lang='lat' dir='ltr'>ratione</span> <span class='ocrx_word' id='word_1_271' title='bbox 912 4547 1187 4628; x_wconf 88' lang='lat' dir='ltr'>intretis,</span> <span class='ocrx_word' id='word_1_272' title='bbox 1217 4548 1341 4612; x_wconf 91' lang='lat' dir='ltr'>nisi</span> <span class='ocrx_word' id='word_1_273' title='bbox 1383 4549 1892 4632; x_wconf 87' lang='lat' dir='ltr'>archiepiscopus</span> <span class='ocrx_word' id='word_1_274' title='bbox 1932 4545 2053 4610; x_wconf 88' lang='lat' dir='ltr'>sibi</span> <span class='ocrx_word' id='word_1_275' title='bbox 2091 4542 2390 4628; x_wconf 85' lang='lat' dir='ltr'>primitus</span> <span class='ocrx_word' id='word_1_276' title='bbox 2427 4542 2527 4605; x_wconf 92' lang='lat' dir='ltr'>in-</span> 
     </span>
    </p>
   </div>
  </div>
 </body>
</html>
