3200 5392
0 67 3200 243 Ἦ

615 908 751 953 Aa).
790 890 1182 973 1161—89.]
1280 907 1615 953 ansi-om
1645 906 1964 959 QUAEDAM.
2396 889 2522 953 19⁷

620 1023 988 1103 subdentes,
1036 1023 1119 1089 ad
1170 1022 1566 1088 audientiam
1611 1028 1889 1087 vestram
1937 1022 2411 1106 appellavimus,
2457 1028 2524 1087 et

621 1122 1031 1206 appellationi
1066 1122 1441 1202 terminum,
1473 1122 1647 1186 diem
1684 1122 1998 1186 transitus
2036 1122 2210 1187 beati
2248 1121 2527 1185 Martini

620 1224 1092 1289 constituimus.
1175 1225 1360 1304 Vale,
1390 1225 1548 1304 vale,
1580 1225 1846 1289 omnino
1887 1225 1960 1289 in
2004 1225 2263 1291 Christo
2294 1225 2525 1290 dilecte

619 1332 820 1409 pater.

675 1645 1119 1710 EPISTOLA
1147 1644 1983 1710 CCCCXXX1x.-c1,mu
2018 1665 2459 1710 nonMANMAE

1354 1768 1447 1811 An
1479 1768 1787 1812 EUNDEM.

616 1897 882 1960 Domino
898 1918 1086 1978 papae
1113 1899 1476 1961 Aleoeandro
1506 1899 1776 1979 episcopi
1804 1905 1865 1961 et
1895 1899 2094 1961 clerus
2120 1899 2533 1989 Nomanm'oe·

1165 2002 1427 2063 salutem
1455 2007 1516 2063 et
1546 2001 1971 2064 obedientiam.
2464 2014 2469 2018 ’

708 2144 1027 2211 ΝσΝοῙοει
1087 2154 1154 2213 et
1210 2148 1427 2212 literas
1484 2155 1725 2214 vestras
1784 2149 2082 2213 dominus
2139 2155 2360 2214 noster
2415 2169 2529 2214 rex

622 2249 879 2332 Angliae
927 2256 1113 2314 tanto
1162 2251 1405 2334 maiore
1453 2251 1663 2316 letitia
1720 2258 1786 2316 et
1843 2250 2174 2315 alacritate
2226 2251 2526 2334 suscepit,

621 2359 866 2435 quanto
894 2354 1203 2437 majorem
1243 2354 1304 2418 ei
1341 2353 1762 2437 benignitatis
1799 2360 2029 2419 vestrae
2068 2352 2343 2437 gratiam
2380 2375 2526 2437 pro-

619 2455 879 2519 mittere
916 2454 1319 2520 videbantur.
1411 2456 1609 2521 Unde
1646 2457 1956 2541 petitione
1993 2462 2204 2523 vestra
2247 2456 2327 2519 de
2370 2476 2539 2540 pace.

620 2557 1100 2622 cantuariensis
1144 2559 1600 2643 archiepiscopi
1644 2566 1711 2624 et
1755 2580 2019 2624 suorum
2062 2558 2295 2637 reditu,
2328 2560 2525 2623 eccle-

621 2659 1021 2726 siasticarum
1049 2682 1468 2745 personarum
1500 2668 1567 2726 et
1597 2662 1985 2746 optimatum
2013 2661 2200 2744 regni
2237 2661 2338 2725 sui
2375 2682 2528 2726 con-

621 2764 779 2844 silio,
824 2787 940 2849 pro
986 2787 1202 2830 amore
1244 2772 1455 2834 vestro
1497 2766 1844 2850 benignius
1887 2765 2206 2843 exaudita,
2249 2785 2400 2828 eum
2444 2763 2528 2828 ad

621 2868 1237 2952 archiepiscopatum
1276 2891 1467 2934 suum
1504 2870 1734 2948 redire,
1778 2870 2118 2953 ipsumque
2158 2888 2309 2932 cum
2348 2867 2528 2931 omni

618 2969 1016 3054 integritate,
1036 2993 1165 3054 qua
1195 2971 1461 3036 tenebat
1484 2972 1743 3056 quando
1773 2971 1987 3048 exivit,
2009 2970 2291 3053 recipere
2321 2975 2387 3033 et
2417 2969 2532 3032 de-

618 3073 839 3156 inceps
867 3073 938 3136 in
965 3073 1139 3137 bona
1165 3094 1322 3158 pace
1360 3080 1427 3138 et
1464 3074 1807 3138 securitate
1834 3072 2178 3156 possidere,
2200 3071 2291 3141 ‚ad
2325 3071 2528 3135 hono-

619 3194 760 3237 rem
803 3174 1117 3256 siquidem
1162 3175 1289 3238 Dei
1328 3180 1394 3238 et
1434 3176 1738 3252 ecclcsiae,
1782 3175 1955 3238 salva
1991 3173 2299 3237 nimirum
2337 3174 2526 3255 regni

623 3272 726 3335 sui
755 3272 1072 3355 dignitate
1099 3274 1388 3357 pristina,
1413 3276 1745 3338 concessit.
1792 3275 1960 3338 Cum
1988 3276 2192 3357 igitur
2217 3275 2391 3338 inter
2413 3274 2526 3337 do-

621 3375 876 3439 minum
919 3396 1139 3458 regem
1182 3383 1249 3440 et
1291 3377 1562 3441 nuncios
1606 3370 1848 3441 vestros
1893 3397 2085 3460 super
2125 3376 2249 3440 hoc
2290 3381 2528 3439 tracta-

619 3485 728 3543 tus
757 3478 1060 3562 prolixior
1087 3478 1435 3559 incidisset,
1465 3479 1535 3543 in
1565 3479 1758 3543 verbo
1785 3479 2112 3562 utrimque
2150 3478 2530 3561 complacito

620 3581 963 3645 novissime
992 3588 1471 3646 convenerunt:
1516 3582 1614 3646 ita
1651 3581 1892 3645 scilicet
1935 3587 2011 3644 ut
2054 3601 2182 3660 eoS,
2215 3579 2326 3664 qui
2367 3599 2527 3663 prae-

623 3689 837 3748 sentes
866 3689 1071 3762 erant,
1104 3684 1324 3748 statim
1370 3682 1777 3762 absolverint,
1809 3690 1877 3748 et
1919 3683 2002 3747 ad
2046 3705 2152 3747 eos
2197 3682 2527 3764 absolvenf

623 3785 757 3865 doS,
789 3787 901 3870 qui
930 3792 1117 3851 erant
1143 3786 1216 3850 in
1246 3787 1505 3868 Anglia,
1538 3787 1702 3851 alter
1729 3808 1972 3865 eorum,
2005 3786 2246 3850 scilicet
2290 3785 2524 3868 magis-

621 3894 724 3952 ter
739 3889 1051 3953 Vivianus
1078 3889 1249 3953 illico
1277 3889 1572 3968 transire,
1598 3889 1762 3953 alter
1791 3889 1951 3953 citra
1979 3909 2156 3952 mare
2187 3887 2270 3951 ad
2298 3908 2524 3951 execu-

623 3991 867 4054 tionem
887 3992 1197 4056 condictae
1216 3993 1389 4076 pacis
1413 3991 1809 4057 consenserit
1830 4008 2186 4056 remanere.
2231 3990 2526 4054 Postmo-

627 4091 783 4154 dum
811 4099 1104 4157 revocato
1133 4114 1452 4157 consensu
1472 4093 1741 4157 verbum
1771 4093 2221 4158 conservandae
2247 4092 2320 4155 in
2347 4093 2525 4155 futu-

623 4214 772 4256 rum
822 4194 1015 4275 regiae
1066 4194 1398 4276 dignitatis
1449 4195 1791 4259 admittere
1839 4196 2211 4272 noluerunt,
2261 4215 2338 4256 ea
2383 4212 2527 4275 quae

623 4294 931 4378 disposita
977 4295 1235 4359 fuerant
1286 4297 1512 4379 exequi
1562 4303 1968 4362 recusantes:
2016 4318 2166 4360 cum
2214 4294 2521 4376 archiepi-

623 4398 816 4481 scopi,
847 4397 1144 4482 episcopi,
1174 4397 1455 4478 abbates,
1485 4399 1799 4483 religiosae
1839 4419 2147 4483 personae,
2179 4396 2521 4479 optimates

623 4501 826 4585 regni,
859 4501 969 4586 qui
1008 4502 1294 4581 aderant,
1325 4522 1441 4585 pro
1467 4502 1642 4568 bono
1669 4508 1872 4567 tantae
1910 4500 2082 4582 pacis
2120 4498 2342 4563 multis
2384 4520 2524 4582 pre-
