3200 5392
605 844 739 887 Λα).
775 823 1171 906 1161-89.]
1272 840 1606 922 nusi-omn
1639 840 1962 893 QUAEDAM.
2379 827 2510 891 237

604 961 748 1040 erit,
801 957 969 1025 sicut
1025 939 1401 1043 proponitis,
1462 958 1704 1042 absque
1762 959 2062 1043 scrupulo
2119 959 2513 1026 conscientia

603 1071 834 1142 vestra,
893 1080 1112 1127 meum
1170 1068 1540 1147 praestarem
1600 1061 2000 1146 obsequium.
2090 1064 2341 1140 Fateor,
2401 1064 2515 1128 do-

605 1167 802 1244 mine,
843 1166 1198 1232 excussisse
1238 1165 1398 1229 mihi
1441 1165 1737 1229 lacrimas
1779 1161 2067 1229 Eterulas
2109 1165 2288 1229 illas:
2357 1184 2514 1249 qua·

606 1289 753 1332 rum
782 1275 917 1332 tam
955 1267 1196 1347 sedula,
1228 1274 1295 1332 et
1338 1267 1462 1331 sub
1497 1268 1618 1331 tali
1659 1267 2116 1352 imprecatione
2159 1268 2514 1333 obsecratio

607 1371 826 1435 nescio
859 1390 1053 1454 quam
1086 1370 1256 1435 circa
1297 1370 1492 1437 fidem
1532 1369 1722 1434 amici
1763 1369 2233 1434 dubitationem
2276 1371 2514 1454 impor-

604 1481 745 1537 tare
784 1472 1140 1537 videbatur.
1232 1473 1415 1536 Malo
1458 1479 1701 1550 tamen,
1731 1479 1809 1536 ut
1854 1472 2027 1536 salva
2067 1484 2223 1556 pace
2268 1471 2517 1536 domini

603 1577 731 1640 mei
783 1577 1027 1660 loquar,
1079 1597 1189 1640 vos
1233 1576 1423 1660 juxta
1466 1575 1750 1639 nominis
1801 1575 2006 1638 nostri
2053 1574 2513 1659 proprietatem

603 1698 833 1763 parum
864 1679 1218 1757 credulum,
1251 1700 1450 1761 quam
1484 1698 1590 1742 me
1629 1678 1845 1741 minus
1885 1677 2185 1742 devotum
2220 1676 2511 1742 inveniri.

605 1783 692 1846 Et
738 1781 1045 1865 quamvis,
1091 1781 1257 1845 sicut
1308 1779 1717 1865 praecepistis,
1746 1781 1834 1843 sin
1877 1779 2073 1863 hujus
2115 1780 2368 1844 itineris
2413 1790 2513 1842 ar·-

602 1884 892 1967 reptione
950 1883 1450 1947 Pictaviensium
1495 1894 1801 1947 'meorum
1864 1884 2362 1967 contempserim
2418 1883 2514 1947 10-1‘

604 1985 1016 2068 quacitatem,
1044 1985 1220 2049 volui
1261 1990 1504 2062 tamen,
1551 1986 1725 2049 salva
1768 1984 2034 2067 gerendi
2076 1985 2322 2068 negotii
2365 1985 2512 2064 fide,

605 2089 893 2174 ipsorum
924 2088 1244 2152 declinare
1286 2089 1746 2170 nugacitatem.
1837 2089 2004 2152 Inde
2041 2089 2168 2152 fuit
2198 2088 2368 2172 qued
2404 2104 2514 2172 pa-

603 2193 733 2255 lam
788 2190 1092 2274 proposui
1142 2212 1249 2255 me
1299 2192 1595 2274 episcopo
1647 2190 2041 2270 Ebroicensi,
2095 2192 2375 2255 Ricard‘o
2434 2192 2519 2254 de

608 2292 859 2358 Humet
910 2293 1405 2372 constabulario,
1451 2294 1780 2357 Willelmo
1830 2295 1964 2357 filie
2011 2294 2347 2370 Hamonis,
2397 2306 2519 2357 0¹ae-

604 2398 889 2482 terisque
941 2397 1110 2480 regis
1163 2396 1540 2461 officialibus
1591 2396 1869 2460 Turonis
1921 2410 2355 2475 occursurum,
2406 2396 2518 2478 qui

608 2500 846 2565 eisdem
877 2499 1104 2564 diebus
1148 2499 1241 2563 ibi
1279 2500 1620 2565 convenire
1650 2499 1993 2578 debebant,
2023 2507 2101 2563 ut
2136 2518 2328 2583 super
2361 2512 2521 2583 pace

606 2604 917 2669 comitum
939 2603 1448 2667 Arvernensium
1469 2608 1847 2667 tractarent.
1902 2602 2172 2667 Consilii
2200 2602 2519 2686 siquidem

608 2707 867 2771 illorum
891 2705 1085 2770 fidem
1118 2706 1446 2789 explorare
1475 2724 1738 2770 necesse
1766 2704 2085 2770 habebam
2113 2711 2377 2789 propter
2396 2715 2521 2768 'no-

609 2798 850 2872 vorum⁴
883 2808 1337 2875 mandatorum
1387 2809 1748 2874 inauditam
1795 2807 2118 2887 duritiam,
2167 2826 2311 2892 quae
2356 2807 2523 2871 ‘mihi

609 2910 827 2975 luscus
856 2918 1095 2988 noster,
1128 2912 1309 2994 cujus
1348 2918 1415 2975 et
1449 2911 1688 2976 mentis
1729 2912 1989 2975 oculum
2018 2911 2277 2994 penitus
2313 2924 2529 2975 excoe-

611 3013 778 3077 cavit
809 3013 1007 3091 Deus,
1040 3019 1109 3076 et
1152 3035 1302 3077 cum
1344 3013 1457 3078 illo
1496 3015 1722 3078 Simon
1748 3013 1847 3078 de
1875 3013 2186 3077 Turnebu
2228 3020 2520 3077 conesta-

608 3114 900 3179 bul‘arius
951 3114 1353 3194 Toarcensis,
1407 3136 1483 3179 ex
1535 3123 1720 3199 parte
1776 3117 1947 3198 regis
2008 3123 2518 3200 apportaverant.

612 3216 722 3280 Illi
770 3215 945 3279 enim
995 3216 1216 3298 paucis
1268 3216 1495 3280 diebus
1553 3224 1699 3299 post
1749 3217 2035 3280 natalem
2087 3219 2525 3299 apostolorum

611 3316 971 3382 Pictavium
1017 3324 1347 3394 venerant,
1389 3324 1455 3382 et
1500 3318 1710 3381 solum
1752 3334 1858 3381 me
1899 3318 1970 3380 in
2013 3325 2263 3401 purtem
2308 3325 2534 3382 traxe-³

612 3424 783 3498 rant,
814 3424 1129 3502 tanquam
1159 3427 1405 3483 secreta
1432 3408 1752 3483 habentes
1776 3418 1860 3483 ad
1887 3438 1992 3482 me
2014 3418 2363 3497 'mandata3
2410 3418 2529 3482 acl-2

613 3521 826 3587 hibito
865 3528 1089 3585 tamen
1133 3541 1351 3584 secum
1389 3520 1685 3587 -Henrico
1729 3521 2092 3599 PanetariO,
2125 3522 2305 3605 quasi
2348 3522 2527 3603 lega-

613 3627 812 3692 tionis
842 3626 1308 3711 sibiinjunctae
1336 3627 1615 3692 fideliter
1639 3635 1933 3712 peractae,
1966 3627 2020 3691 si
2048 3638 2311 3692 neeesse
2334 3627 2522 3706 foret,

613 3737 782 3795 teste
810 3730 1053 3794 futuro.
1147 3729 1496 3812 Quumque
1523 3729 1877 3813 plurimum
1904 3728 2287 3807 insisterem,
2318 3735 2394 3792 ut
2422 3728 2524 3792 vel

616 3852 825 3897 unum
870 3852 1126 3898 mecum
1175 3833 1482 3898 adhibere
1518 3844 1791 3917 possem,
1840 3832 1970 3896 sive
2014 3831 2330 3911 abbatem,
2370 3833 2525 3916 quia

617 3936 952 4018 plerosque
1005 3932 1104 3999 ibi
1158 3954 1414 4002 mecum
1476 3935 1815 4014 habebam,
1869 3935 2000 3999 sive
2051 3948 2531 4020 quamcumque

620 4036 902 4101 ecciesiae
943 4058 1105 4102 meae
1146 4058 1507 4122 personam,
1552 4039 1684 4104 sive
1731 4039 1961 4102 saltem
2007 4038 2408 4117 canonicum,
2453 4038 2524 4102 id

617 4139 783 4205 mihi
803 4160 1176 4204 concessum
1198 4163 1332 4205 non
1354 4148 1473 4219 est,
1496 4161 1573 4204 eo
1603 4140 1775 4224 quod
1804 4139 2113 4203 mandata
2141 4138 2223 4202 ad
2243 4160 2348 4202 me
2376 4146 2522 4203 tan-

617 4251 783 4322 tum,
813 4262 948 4307 non
978 4243 1175 4307 etiam
1203 4244 1292 4307 ad
1313 4245 1470 4308 illos
1499 4243 1877 4327 perferenda
1905 4243 2317 4325 accepissent.
2409 4242 2523 4305 In·-

621 4346 977 4411 hibuerunt
1015 4347 1234 4429 itaque
1273 4346 1434 4410 mihi
1471 4346 1594 4411 sub
1644 4345 1936 4410 districta
1975 4343 2522 4422 interminatione,

617 4464 703 4513 ne
739 4447 981 4532 aliquid
998 4489 1004 4493 -
1021 4448 1103 4513 ad
1136 4448 1308 4532 regis
1341 4449 1737 4532 dignitatem·
1766 4448 2097 4533 pertinens
2137 4446 2301 4513 milri
2336 4460 2527 4513 usur-
