3200 5392
638 855 776 901 Am.
812 839 1208 923 1161—89.]
1309 859 1644 904 ammonas
1676 859 2000 910 Quasnam.
2416 838 2540 900 231

634 971 860 1052 tiente,
893 973 1278 1038 mirantibus
1306 973 1576 1052 cunctis,
1609 975 1663 1037 si
1693 974 1890 1038 etiam
1920 992 2098 1037 nunc
2124 971 2196 1035 in
2224 977 2364 1036 tam
2392 989 2544 1036 con·

634 1074 856 1157 spicua
900 1096 1093 1139 causa
1134 1074 1580 1140 circumveniri
1616 1075 1898 1159 potuerit
1946 1073 2292 1157 apostolica
2340 1072 2543 1137 sedes.

636 1176 800 1242 Quis
829 1178 1024 1256 enim,
1056 1184 1133 1243 et.
1151 1199 1268 1261 pro
1297 1199 1425 1262 qua
1455 1198 1647 1242 causa
1674 1176 2232 1254 condemnabitur,
2265 1175 2319 1239 si
2357 1182 2544 1240 tanta

633 1286 700 1344 et
742 1287 882 1345 tam
925 1282 1183 1346 evidens
1219 1282 1461 1347 Christi
1504 1281 1765 1366 injuria,
1805 1287 1871 1345 et
1916 1280 2196 1345 ecclesiae
2239 1280 2433 1358 laesio,
2475 1286 2541 1344 et

634 1389 1063 1468 contemptus,
1119 1385 1199 1449 ab
1257 1384 1370 1449 illo
1428 1404 1579 1467 rege
1639 1405 1774 1448 non
1833 1383 2298 1468 requiruntur?
2375 1381 2540 1449 Quis

629 1483 939 1550 innocens
979 1485 1060 1550 de
1097 1508 1298 1550 manu
1343 1485 1826 1550 calumniatoris
1868 1483 2269 1562 liberabitur,
2309 1483 2363 1546 si
2405 1504 2540 1546 non

632 1586 1011 1652 subvenitur
1046 1588 1308 1653 domino
1341 1586 1803 1652 Cantuariensi
1844 1593 1910 1651 et
1951 1584 2322 1650 coexulibus
2358 1586 2489 1649 suis
2506 1587 2542 1648 ?

634 1689 796 1755 Haec
842 1693 1017 1755 enim
1065 1714 1208 1777 quae
1254 1692 1477 1756 nuncii
1518 1691 1657 1776 ejus
1702 1691 2010 1775 jactitant
2057 1709 2414 1769 evacuasse,
2455 1689 2547 1754 ad

628 1794 1081 1859 coercitionem
1139 1794 1441 1873 hominis,
1502 1802 1618 1859 aut
1675 1794 1890 1877 potius
1946 1793 2307 1876 iniquitatis
2364 1791 2536 1856 vide-.-

625 1893 869 1959 bantur
896 1916 1035 1960 esse
1072 1897 1432 1984 praecipua...
1502 1897 1592 1959 Et
1630 1897 1767 1979 jam
1796 1897 1868 1958 in
1906 1914 2100 1979 poena
2137 1894 2409 1959 aliorum
2439 1893 2534 1958 di-

627 1995 886 2076 dicerat,
941 1998 1094 2082 quid
1148 1998 1448 2062 adversus
1506 1996 1821 2062 malitiam
1871 2003 2267 2079 potestatum
2323 1997 2535 2061 valeat

627 2099 1318 2184 ecclesiasticus‘vigor.
1409 2101 1546 2164 Pax
1584 2097 1864 2164 ecclesiae
1905 2096 2286 2163 credebatur
2315 2096 2534 2161 adesse

623 2221 757 2283 prae
806 2200 1069 2280 foribuS,
1116 2203 1377 2287 ipseque
1425 2224 1541 2267 rex
1583 2203 1915 2267 ferocitate
1961 2201 2238 2285 seposita
2280 2221 2423 2264 eam
2461 2200 2533 2265 in

622 2302 892 2368 veritate
937 2304 1019 2368 ad
1047 2305 1359 2369 honorem
1389 2306 1515 2369 Dei
1550 2311 1848 2389 expetere
1878 2305 2074 2368 etiam
2108 2326 2147 2367 a
2173 2302 2532 2367 familiaris-

624 2405 801 2471 simis
830 2408 1202 2491 putabatur.
1297 2408 1422 2472 Sed
1452 2409 1507 2471 si
1535 2408 1673 2472 haec
1703 2400 1763 2471 ei
1782 2406 1995 2489 ⁴etiam
2023 2412 2169 2490 post
2205 2405 2529 2489 injuriam,

622 2529 818 2591 quam
844 2509 1024 2574 vobis
1052 2511 1124 2574 in
1152 2511 1477 2575 imitatore
1505 2509 1682 2575 beati
1711 2509 1908 2587 Petri,
1932 2516 1998 2573 et
2026 2514 2238 2572 vestro
2267 2506 2530 2571 domino

623 2608 955 2690 Gratiano,
988 2617 1054 2675 et
1092 2611 1233 2676 aliis
1272 2612 1529 2676 nunciis
1567 2611 1813 2689 intulit,
1846 2610 2101 2674 indulta
2139 2616 2313 2687 sunt,
2353 2608 2530 2676 idem

620 2716 717 2775 est
761 2733 837 2776 ac
880 2713 935 2776 si
978 2715 1188 2778 omnis
1216 2716 1319 2779 via
1360 2715 1535 2798 pacis
1580 2722 1647 2779 et
1692 2735 1835 2798 spes
1880 2714 2163 2777 ecclesiae
2204 2718 2530 2795 praerupta

621 2814 705 2877 sit
726 2815 1125 2899 Anglicanae.
1192 2817 1321 2881 Sed
1350 2818 1519 2882 absit
1547 2817 1670 2882 hoc
1702 2839 1740 2881 a
1770 2817 2115 2880 sanctitate
2144 2815 2339 2879 vestri
2366 2836 2526 2898 pon-

620 2913 921 2994 tificatus,
952 2923 1028 2980 ut
1068 2924 1205 2981 tam
1242 2924 1473 3002 patens
1511 2919 1751 3002 injuria
1779 2918 2023 2982 Christi
2058 2916 2527 2982 confessoribus

620 3016 964 3100 irrogetur,
987 3025 1054 3082 et
1074 3020 1429 3102 pernicioso
1460 3021 1752 3104 exemplo
1774 3026 2202 3104 tyrannorum
2225 3018 2528 3083 adversus

622 3119 955 3184 ecclesiam
991 3128 1276 3185 armetur
1312 3130 1379 3185 et
1415 3121 1756 3186 roboretur
1792 3122 2116 3208 iniquitas.
2212 3121 2528 3205 Speraba-

618 3227 731 3284 tur
757 3220 931 3286 enim
961 3221 1042 3286 ab
1073 3223 1390 3302 omnibus,
1422 3223 1594 3307 quod
1623 3229 1900 3286 vestram
1938 3245 2073 3288 non
2116 3231 2329 3308 posset
2358 3224 2524 3288 ulte-

616 3321 752 3387 rius
782 3323 1242 3388 circumvenire
1270 3325 1702 3408 prudentiam,
1734 3331 1848 3388 aut
1876 3324 2142 3389 illudere
2173 3325 2523 3404 sanctitati,

616 3432 731 3491 aut
752 3427 947 3511 justae
977 3428 1329 3493 severitatis
1359 3449 1592 3493 manus
1622 3427 1909 3493 evadere.
2000 3428 2304 3492 Ecclesiae
2334 3428 2522 3492 mise-

613 3528 730 3609 ria,
767 3536 833 3594 et
869 3530 1318 3595 innocentium
1355 3530 1616 3595 infinita
1654 3530 1933 3608 afflictio,
1976 3552 2170 3614 quam
2210 3529 2523 3608 videmus,

615 3653 733 3696 nos
771 3632 966 3697 verba
1002 3634 1389 3718 protendere
1433 3640 1805 3717 coegerunt.
1898 3633 2029 3697 Sed
2066 3654 2319 3696 summa
2356 3632 2520 3699 desi-

616 3733 777 3799 derii
812 3737 1019 3802 nostri
1052 3743 1149 3800 est
1190 3743 1257 3800 et
1296 3737 1498 3801 totius
1537 3735 1819 3801 ecclesiae
1850 3735 2219 3813 Gallicanae,
2260 3743 2337 3799 ut
2373 3743 2518 3800 tan·

614 3841 759 3899 tum
794 3838 1167 3903 scandalum
1203 3839 1393 3903 celeri
1432 3837 1858 3903 subventione
1892 3838 1974 3902 de
2009 3837 2223 3902 medio
2257 3837 2519 3916 tollatis,

617 3943 685 4000 et
722 3940 1063 4020 praefatum
1096 3961 1315 4023 regem
1355 3941 1476 4018 his,
1511 3962 1655 4025 quae
1686 3940 2054 4004 Christiano
2088 3939 2227 4023 regi
2266 3960 2519 4024 compe·

615 4044 789 4117 tunt,
818 4040 1065 4103 faciatis
1100 4062 1235 4105 esse
1274 4049 1675 4120 contentum,
1708 4051 1784 4107 et⁴
1802 4042 1942 4127 regi
1981 4063 2209 4124 regum
2241 4064 2359 4107 sua·
2389 4041 2518 4125 pri-

615 4139 847 4224 vilegia
874 4141 1121 4205 illibata
1148 4143 1527 4227 relinquere.
