3200 5392
15 14 3193 248 —

2365 319 2372 326 ο

28 443 37 454 Ι

579 949 709 995 Λα).
748 929 1139 1011 nol-89]
1242 947 1573 991 mms'roms
1606 947 1930 998 QUAEDAM.
2392 932 2478 996 79

661 1324 1102 1390 EPISTOLA
1146 1324 1885 1389 CCCLIV.—Esnsnnm
1915 1344 2009 1387 An
2040 1344 2375 1389 muscosos

1377 1446 1670 1491 ANGmAE.

665 1580 895 1644 Snrnn
924 1578 1309 1645 discretione
1347 1584 1560 1643 vestra
1598 1578 1755 1643 satis
1796 1579 2240 1663 compellimur
2279 1578 2479 1645 admi-

573 1683 723 1761 rari,
745 1682 915 1766 quod
937 1704 1139 1765 quum
1160 1681 1280 1746 viri
1307 1682 1660 1765 prudentes
1690 1689 1756 1746 et
1783 1682 2032 1766 providi
2061 1683 2222 1762 sitis,
2250 1683 2321 1746 in
2343 1684 2480 1747 offi-

572 1785 654 1849 cii
698 1784 895 1849 vestri
939 1784 1315 1849 executione
1366 1784 1462 1848 ita
1509 1784 1916 1868 negligentes
1964 1784 2255 1864 existitis,
2305 1784 2478 1868 quod

570 1888 678 1951 vix
712 1889 852 1971 ejus
891 1887 1215 1952 reminisci
1250 1887 1577 1970 videmini,
1608 1888 1775 1952 sicut
1815 1887 1887 1951 in
1925 1888 2222 1972 operibus
2252 1889 2479 1953 vestris

570 1991 823 2075 plenius
852 1990 1323 2074 comprobatur.
1413 1989 1588 2054 Illud
1625 1990 1822 2055 etiam
1852 1991 2211 2075 specialiter
2248 2013 2368 2056 nos
2407 1992 2481 2055 in

570 2093 1017 2157 vehementem
1045 2092 1533 2156 admirationem
1565 2093 1829 2158 adducit
1860 2093 2032 2177 quod
2063 2094 2143 2158 de
2172 2094 2477 2160 obedien-

573 2193 668 2257 tia
713 2214 912 2277 quam
955 2192 1235 2256 ecclesiae
1275 2192 1729 2256 cantuariensi
1777 2194 2044 2272 debetis,
2086 2201 2200 2259 aut
2245 2216 2476 2277 parum

572 2302 686 2359 aut
729 2295 897 2359 nihil
937 2295 1196 2371 curatis,
1239 2295 1350 2358 sed
1389 2295 1483 2358 ita
1522 2295 1663 2378 ejus
1705 2295 2113 2359 immemores
2152 2317 2477 2379 compare·

569 2399 675 2477 tis,
708 2398 892 2482 quasi
922 2398 1081 2481 quid
1105 2399 1266 2476 De0‚
1299 2397 1453 2481 quid
1483 2397 1856 2462 hominibus
1896 2398 2184 2463 exhiberi
2223 2399 2478 2478 debeat,

568 2502 830 2586 penitus
868 2500 1199 2584 ignoretis.
1291 2500 1457 2566 Quae
1495 2501 1722 2583 utique
1760 2501 1858 2565 ita
1893 2501 2071 2565 nuda
2113 2508 2180 2566 et
2222 2509 2478 2585 pastore

569 2605 854 2669 desolata
910 2604 1145 2682 existit,
1200 2609 1276 2667 ut
1332 2603 1496 2667 illud
1555 2603 2001 2687 propheticum
2060 2604 2183 2668 sibi
2241 2605 2475 2669 merito

569 2708 777 2771 valeat
828 2706 1136 2790 adaptari,
1188 2705 1529 2771 Quomodo
1587 2706 1768 2770 sedet
1820 2707 1956 2771 sola
1984 2706 2227 2770 civitas
2283 2708 2478 2790 plena

568 2810 829 2892 popu10,
858 2809 1031 2873 facta
1067 2815 1165 2873 est
1197 2808 1377 2891 quasi
1419 2807 1618 2872 vidua
1653 2808 1918 2876 domina
1956 2809 2270 2892 gentium.
2345 2811 2490 2873 Vc·-

569 2917 921 2975 runtamen
963 2909 1269 2996 quicquid
1310 2910 1625 2976 hactenus
1670 2910 2039 2995 hujusmodi
2081 2911 2486 2995 negligentia

572 3035 658 3078 ne
710 3014 997 3078 dicamus
1047 3013 1489 3078 inobedientia
1537 3013 1956 3096 deliqueritis,
2015 3036 2134 3079 nos
2191 3020 2482 3098 paternae

571 3117 743 3180 circa
792 3139 902 3181 vos
955 3117 1313 3181 dilectionis
1364 3137 1774 3199 nequaquam
1822 3116 2025 3195 obliti,
2073 3116 2479 3200 benignitate

569 3218 786 3300 potius
812 3239 1004 3300 quam
1035 3219 1374 3282 severitate
1404 3219 1724 3281 utendum
1755 3217 2072 3298 duximus,
2098 3227 2164 3284 et
2184 3220 2363 3284 vobis
2394 3221 2477 3285 si·

569 3326 684 3383 cut
721 3319 1189 3383 venerabilibus
1228 3319 1535 3383 fratribus
1565 3320 1821 3397 nostris,
1852 3321 2046 3402 longe
2074 3323 2249 3387 ultra
2278 3344 2473 3406 quam

566 3419 951 3497 merueritis,
1012 3419 1451 3484 deferendum.
1542 3418 1711 3482 Inde
1733 3483 1736 3484 γ
1759 3419 2084 3502 'siquidem
2135 3428 2253 3500 est,
2303 3424 2477 3505 quod

567 3545 687 3588 nos
732 3521 1043 3587 carissimi
1070 3521 1142 3585 in
1171 3520 1449 3586 Christo
1473 3520 1589 3584 filii
1631 3521 1857 3599 nostri,
1892 3521 2163 3585 Henrici
2204 3523 2474 3587 illustris

569 3627 937 3710 Anglorum
981 3626 1150 3709 regis
1198 3625 1472 3689 obtentu
1520 3630 1586 3688 et
1639 3623 2019 3689 nuntiorum
2066 3647 2330 3690 suorum
2375 3626 2480 3692 in·

569 3719 812 3795 stantia
839 3736 906 3793 et
940 3750 1126 3812 prece
1154 3727 1423 3806 inducti,
1457 3734 1523 3792 et
1554 3728 1846 3810 expensis
1876 3749 1951 3792 ac
1979 3727 2306 3794 laboribus
2337 3752 2474 3795 ves-

570 3833 690 3897 tris
733 3852 993 3916 parcere
1036 3831 1389 3915 cupientes,
1421 3830 1916 3914 appellationem
1948 3853 2141 3914 quam
2177 3832 2479 3900 adversus

572 3936 1002 4000 venerabilem
1045 3935 1314 3998 fratrem
1355 3940 1653 3998 nostrum
1697 3934 2011 3997 Thomam
2055 3934 2477 4002 Cantuarien-

574 4061 711 4105 sem
749 4038 1313 4122 archiepiscopum,
1353 4058 1439 4100 ne
1472 4039 1611 4120 jam
1651 4037 1906 4122 dictum-
1935 4058 2161 4121 regem·
2197 4047 2319 4104 aut
2348 4061 2479 4120 vos,

576 4143 678 4205 vel
718 4159 994 4223 regmum
1022 4140 1279 4224 Angliae
1322 4140 1396 4203 in
1439 4139 1655 4223 aliquo
1700 4146 2012 4223 gravaret,
2048 4141 2189 4225 jam
2229 4143 2488 4225 pridem·

573 4242 835 4320 fecistis,
884 4243 1063 4307 vobis
1114 4242 1499 4307 anctoritate
1550 4242 1898 4326 apostolica
1954 4243 2336 4323 relaxamus,
2385 4246 2492 4310 ita

580 4344 752 4428 quod
781 4365 925 4408 eam
952 4366 1066 4428 per
1095 4366 1204 4410 vos
1232 4345 1335 4409 vel
1371 4365 1486 4429 per
1520 4344 1919 4428 responsales
1947 4349 2191 4410 vestros
2220 4346 2484 4427 exsequi

580 4447 953 4511 nullatenus
998 4447 1370 4512 teneamini.
1461 4447 1706 4512 Datum
1753 4446 2129 4526 Benevent„
2175 4446 2280 4511 vii.
2328 4446 2477 4511 Kal.
