3200 5392
702 779 829 844 196
1414 797 1885 842 nriscoroanu

703 916 958 980 intente
998 914 1256 980 studeat
1295 934 1658 998 procurare.
1749 911 2008 978 Crebris
2036 911 2238 976 literis
2268 932 2491 995 graves
2519 912 2611 977 eis

705 1017 1162 1082 mandatorum
1218 1015 1494 1101 imponit
1553 1015 1854 1094 sarcinas,
1915 1036 2074 1098 quas
2141 1035 2421 1098 praesens
2477 1015 2614 1099 ipse

706 1142 843 1186 non
873 1120 1078 1204 digito
1115 1140 1368 1185 movere
1403 1119 1626 1197 voluit,
1665 1117 1910 1183 nedum
1949 1117 2234 1181 humeris
2272 1116 2609 1181 sustinere.

707 1223 817 1288 Ad
873 1231 1151 1289 mortem
1208 1244 1327 1288 nos
1383 1223 1637 1301 invitat,
1697 1228 1764 1286 et
1822 1221 2155 1304 sanguinis
2213 1219 2613 1299 effusionem,

709 1346 861 1390 cum
904 1324 1041 1409 ipse
1084 1331 1379 1403 mortem,
1425 1345 1622 1407 quam
1665 1343 1857 1387 nemo
1901 1322 2024 1387 sibi
2067 1322 2458 1406 dignabatur
2500 1329 2613 1387 aut

708 1425 1083 1490 minabatur
1138 1425 1396 1505 inferre,
1457 1446 1707 1490 summo
1767 1424 1982 1490 studio
2054 1424 2485 1503 declinaverit,
2545 1431 2612 1489 et

709 1551 900 1593 suum
944 1529 1329 1612 sanguinem
1370 1528 1694 1593 illibatum
1739 1527 2175 1592 conservando
2218 1528 2360 1612 ejus
2402 1527 2613 1592 adhuc

706 1652 829 1696 nec
879 1638 1136 1715 guttam
1186 1631 1435 1696 effundi
1483 1630 1779 1695 voluerit.
1888 1630 2018 1695 Pro
2070 1630 2329 1695 Christo
2380 1630 2614 1715 quippe

705 1734 871 1798 mori
899 1734 1248 1817 gloriosum
1277 1739 1396 1797 est.
1472 1733 1559 1796 In
1585 1739 1865 1797 mortem
1893 1753 2042 1797 vero
2070 1739 2136 1798 et
2164 1731 2610 1815 imprudenter

711 1837 1086 1920 irrumpere,
1118 1836 1377 1900 Christo
1405 1834 1642 1900 scimus
1681 1856 1818 1900 non
1854 1836 2127 1918 placere.
2215 1834 2615 1899 Libertatem

708 1939 1014 2023 praedicat
1044 1939 1340 2018 ecclesiae,
1372 1960 1567 2022 quam
1608 1958 1676 2002 se
1713 1937 2167 2002 cantuariensi
2204 1937 2485 2002 ecclesiae
2521 1936 2614 2001 vi-

707 2043 887 2108 ribus
916 2041 1311 2107 intrudendo
1351 2041 1475 2106 sibi
1514 2047 1768 2106 constat
1798 2041 2129 2105 ademisse.
2221 2041 2433 2124 Regni
2463 2062 2614 2105 con-
2686 2064 2693 2071 ·

707 2146 1085 2211 suetudines
1124 2145 1497 2228 frequenter
1535 2144 1946 2228 improperat,
1979 2164 2136 2228 quas
2173 2143 2369 2227 longe
2408 2144 2614 2223 aliter,

711 2270 906 2333 quam
952 2269 1020 2313 se
1062 2268 1164 2312 res
1207 2247 1464 2326 habeat,
1506 2246 1640 2310 suis
1684 2246 1937 2330 scriptis
1978 2253 2207 2310 vestrae
2251 2246 2618 2310 celsitudini

710 2351 1101 2415 manifestat.
1191 2349 1294 2415 De
1340 2356 1571 2415 caetero
1616 2355 1989 2414 sanctorum
2031 2369 2355 2414 canonum
2398 2356 2617 2415 aucto-

708 2452 972 2519 ritatem
1015 2473 1170 2535 erga
1211 2473 1330 2516 nos
1371 2473 1509 2517 non
1552 2452 1867 2531 observat,
1901 2473 2053 2516 cum
2095 2450 2491 2535 appellantes
2535 2452 2617 2516 ad

710 2576 820 2620 vos
863 2560 1010 2638 post
1054 2553 1549 2638 appellationem
1593 2554 2125 2633 excommunicet,
2157 2554 2314 2620 alios
2354 2556 2492 2620 sine
2531 2555 2618 2619 ci-

711 2657 961 2722 tatione
1004 2664 1115 2721 aut
1161 2657 1664 2722 commonitione
1715 2656 2107 2740 suspendat;
2159 2659 2432 2737 notoria,
2478 2678 2620 2743 quae

713 2781 836 2824 nec
878 2766 1055 2838 nota,
1090 2780 1213 2824 nec
1252 2759 1522 2824 veritate
1567 2758 1842 2824 subnixa
1888 2766 2063 2839 sunt,
2105 2767 2387 2840 asserat,
2439 2767 2506 2825 et
2548 2762 2620 2825 in

713 2863 890 2927 hunc
924 2862 1192 2927 modum
1228 2862 1525 2946 plurima,
1559 2884 1687 2947 qua
1723 2868 1937 2946 potest
1977 2869 2316 2946 potestate,
2348 2864 2618 2927 confun-

715 2964 848 3029 dat.
936 2964 1045 3029 Ad
1072 2965 1213 3029 hoec
1243 2964 1675 3048 quadraginta
1701 2985 2066 3029 marcarum
2097 2965 2314 3041 millia,
2347 2965 2445 3028 vel
2483 2987 2618 3029 am-

715 3070 902 3155 plius,
931 3077 1008 3134 ut
1046 3070 1146 3134 sui
1183 3078 1500 3151 asserunt,
1530 3070 1720 3136 bonae
1760 3092 1895 3136 suae
1932 3071 2084 3135 fidei
2122 3071 2477 3150 commissa,
2509 3072 2620 3137 do-

712 3171 894 3236 mino
930 3178 1153 3237 nostro
1191 3173 1330 3257 regi
1370 3174 1627 3252 solvere,
1659 3173 1759 3237 vel
1799 3173 1972 3256 quod
2003 3173 2258 3257 justum
2301 3182 2400 3239 est
2445 3175 2619 3240 exhi-

711 3275 866 3340 bere
896 3275 1230 3340 detrectat.
1321 3277 1410 3341 Et
1448 3276 1588 3360 regi
1628 3297 1745 3340 suo
1784 3282 1984 3359 negat
2024 3282 2091 3340 et
2132 3276 2414 3356 domino,
2449 3278 2620 3363 quod

707 3372 838 3444 nec
869 3378 1128 3444 ethnico
1157 3378 1476 3460 denegare
1506 3378 1820 3443 debuerat
1849 3385 1963 3442 aut
1991 3379 2355 3462 publicano.
2404 3380 2619 3459 Unde,

718 3503 808 3545 ne
844 3481 1053 3565 ligent
1092 3502 1211 3544 nos
1243 3481 1382 3564 jam
1421 3480 1594 3545 dicta
1634 3481 2024 3564 gravamina,
2055 3503 2139 3545 ne
2178 3482 2623 3547 taciturnitate

707 3590 961 3661 -nostra,
1007 3590 1074 3647 et
1119 3581 1468 3647 indiscreta
1512 3583 1789 3666 quadam
1836 3584 2248 3649 conniventia
2296 3586 2627 3668 permitta-

722 3705 870 3747 mus
912 3683 981 3747 id
1023 3684 1182 3762 fieri,
1213 3684 1390 3748 unde
1419 3684 1757 3749 dominum
1784 3694 2082 3751 nostrum
2111 3708 2351 3771 regem,
2384 3696 2450 3752 et
2483 3710 2628 3772 reg-

722 3810 887 3852 num
915 3787 1055 3871 ejus
1083 3788 1297 3871 ipsum
1327 3788 1541 3867 etiam,
1573 3796 1642 3854 et
1685 3797 2025 3875 sequentes
2053 3791 2323 3875 populos
2352 3812 2393 3855 a
2422 3800 2631 3856 vestra

723 3892 1061 3977 contingat
1090 3891 1459 3958 obedientia
1486 3914 1746 3977 prorsus
1777 3894 1996 3973 averti,
2028 3895 2329 3959 adversus
2374 3916 2629 3980 suspec-

724 4002 826 4060 tas
869 3995 1057 4060 nobis
1101 3995 1349 4060 domini
1391 3996 1877 4062 cantuariensis
1920 3998 2296 4077 sententias,
2329 3998 2630 4063 adversus

724 4099 1031 4164 mandata
1077 4100 1214 4184 ejus
1262 4100 1498 4180 omnia,
1545 4101 1808 4164 domino
1852 4106 2076 4165 nostro
2125 4101 2266 4185 regi
2312 4107 2380 4165 et
2429 4122 2631 4184 regno

715 4204 884 4287 ejus,
929 4202 1217 4285 personis
1265 4202 1524 4281 nostris,
1570 4210 1637 4267 et
1688 4203 2041 4267 commissis
2091 4203 2280 4268 nobis
2331 4204 2632 4282 ecclesiis,

725 4314 796 4371 et
846 4306 1163 4389 parochiis
1215 4324 1560 4387 gravamen
1621 4305 1881 4388 aliquod
1937 4307 2375 4390 importantia,
2425 4313 2636 4372 vestro

725 4430 846 4472 nos
887 4430 1003 4492 per
1045 4408 1264 4474 omnia
1305 4407 1785 4473 committentes
1824 4409 2108 4489 consilio,
2138 4417 2206 4474 et
2248 4409 2635 4493 protectioni
