3200 5392
785 826 916 889 322
1428 848 1740 893 rmmrrx
1777 850 2056 894 comrts

785 987 1168 1053 obedientiae
1217 989 1578 1074 inspirabit,
1631 1014 1746 1076 per
1801 995 1972 1077 quod
2025 996 2491 1074 memorabitur
2543 1001 2695 1082 quia

783 1114 931 1156 caro
961 1101 1027 1156 et
1057 1096 1320 1177 sanguis
1348 1105 1559 1162 vester
1587 1106 1705 1178 est,
1743 1108 1808 1163 et
1851 1101 2091 1165 relictis
2120 1102 2491 1167 hostilitatis
2523 1126 2693 1168 erro-

780 1201 959 1265 ribus
1005 1210 1309 1285 agnoscet
1354 1226 1421 1268 se
1464 1206 1691 1285 filium,
1729 1207 1967 1272 redibit
2010 1210 2089 1272 ad
2129 1218 2398 1294 patrem,
2440 1219 2693 1276 naturae

782 1302 1079 1368 solidabit
1122 1306 1625 1388 incommodum,
1658 1316 1724 1374 et
1771 1311 2003 1376 debitae
2049 1313 2404 1377 dilectionis
2448 1314 2692 1378 foedera

781 1407 936 1470 ordo
993 1408 1303 1490 pristinus
1362 1411 1741 1476 continebit.
1855 1414 2084 1478 Valete
2144 1422 2211 1477 et
2269 1417 2541 1498 gaudete
2613 1417 2685 1479 in

779 1510 1076 1576 Domino.

775 1811 1217 1878 EPISTOLA
1265 1813 1916 1880 DXIV.—-rn1L1PP1
1961 1838 2235 1882 comus
2282 1839 2678 1882 Burmann-

1354 1939 1450 1981 s1s
1481 1940 1573 1982 An
1607 1940 1800 1984 ALnx.
1836 1941 2090 1984 PAPAM.

962 2066 1325 2131 Aleoeandro
1341 2090 1529 2151 papae
1560 2070 1892 2154 Philippus
1922 2091 2120 2135 comes
2147 2073 2486 2136 Flandriae.

858 2217 1148 2281 Munus
1185 2218 1509 2281 sanctitati
1548 2225 1778 2283 vestrae
1812 2220 2020 2286 refero
2060 2222 2321 2305 gratias,
2356 2223 2526 2305 quod
2565 2244 2684 2306 pro

769 2320 1118 2384 venerabili
1148 2321 1300 2399 viro,
1322 2328 1387 2384 et
1416 2322 1577 2399 Deo,
1603 2322 1770 2384 sicut
1801 2324 2104 2402 creditur,
2130 2325 2405 2402 amabili,
2432 2326 2679 2389 Thoma

773 2422 1224 2488 cantuariensi
1253 2425 1743 2507 archiepiscope,
1784 2432 1920 2489 tam
1950 2427 2234 2509 benigno
2278 2434 2344 2489 et
2385 2432 2519 2489 tam
2563 2448 2674 2508 pa-

769 2531 958 2591 terno
989 2528 1224 2590 affectu
1255 2528 1413 2590 mihi
1445 2528 1805 2612 scripsistis.
1865 2528 2041 2592 Hinc
2071 2528 2242 2589 enim
2273 2548 2476 2609 spero,
2501 2527 2673 2609 quod

769 2635 996 2691 contra
1024 2628 1305 2692 ecclesiae
1333 2630 1629 2695 inimicos
1658 2631 1855 2714 ipsius
1886 2629 2060 2692 eritis
2089 2649 2203 2710 per
2232 2628 2450 2691 omnia
2490 2628 2672 2711 adju-

766 2736 872 2793 tor
911 2737 977 2793 et
1016 2737 1358 2813 protector.
1449 2733 1647 2797 Unde
1687 2740 1752 2796 et
1793 2752 1914 2812 ego
1952 2750 2130 2793 nunc
2166 2750 2349 2793 versa
2384 2730 2522 2793 vice
2564 2752 2676 2813 pa-

765 2832 1059 2899 ternitati
1099 2835 1348 2912 vestrae,
1382 2842 1658 2918 quantas
1703 2835 1901 2911 valen,
1945 2853 2165 2916 preces
2208 2832 2487 2915 porrigo,
2520 2856 2678 2916 qua-

765 2940 958 2998 tenus
996 2937 1133 3019 jam
1179 2937 1425 3000 dictum
1461 2938 2011 3013 cantuariensem,
2046 2936 2222 3000 omni
2268 2936 2494 3018 gratia,
2539 2958 2672 2999 me-

764 3044 918 3101 tuve
960 3046 1218 3102 terreno
1261 3040 1633 3123 postposit0,
1679 3038 1963 3120 diligatis
2009 3045 2075 3102 et
2118 3039 2405 3101 foveatiS.
2495 3038 2672 3101 Alio-

767 3141 923 3223 quin
961 3140 1147 3205 nobis
1188 3149 1254 3206 et
1292 3143 1589 3206 universo
1629 3141 1875 3203 mundo
1917 3141 2163 3222 grande
2192 3141 2375 3203 fieret
2407 3141 2674 3203 scanda-

762 3243 921 3321 lum,
954 3251 1018 3307 et
1064 3247 1426 3328 exemplum
1471 3244 1923 3328 perniciosum,
1955 3251 2169 3307 vestra
2212 3244 2407 3306 etiam
2454 3243 2672 3306 admo-

765 3346 922 3410 dum
951 3348 1291 3412 laederetur
1320 3349 1555 3431 opinio.
1650 3347 1780 3410 Sed
1810 3343 2165 3429 exsurgatis
2197 3347 2274 3409 'in
2313 3347 2412 3410 ira
2438 3345 2684 3424 vestra,

763 3457 827 3513 et
865 3450 1159 3514 inimicos
1199 3451 1480 3514 ecclesiae
1518 3450 1851 3527 debellate,
1884 3456 1951 3512 et
1980 3449 2069 3512 sic
2102 3450 2223 3512 erit
2254 3449 2434 3513 Deus
2462 3448 2674 3511 vobis·

763 3574 932 3616 cum.
1021 3555 1110 3617 Et
1153 3561 1405 3617 moveat
1444 3576 1574 3632 vos,
1610 3552 1783 3635 quod
1817 3553 1954 3636 jam
1999 3551 2208 3615 dictus
2253 3550 2668 3633 archiepisco-

761 3679 901 3740 puS,
935 3679 1083 3721 cum
1129 3657 1339 3721 adhuc
1382 3658 1670 3721 militans
1710 3656 1942 3720 saeculo
1985 3656 2055 3719 in
2100 3653 2395 3719 domibus
2434 3673 2667 3734 regum

761 3767 928 3823 esset
958 3760 1266 3838 nutrituS,
1298 3761 1648 3843 pastorales
1677 3767 1899 3823 tamen
1940 3758 2199 3821 sudores
2240 3776 2375 3818 non
2412 3775 2666 3818 recusa-

758 3862 870 3938 vit,
931 3862 1131 3924 immo
1191 3869 1451 3945 propter
1502 3862 1827 3944 justitiam
1885 3867 1952 3925 et
2013 3861 2324 3923 Romanae
2383 3857 2669 3922 ecclesiae

757 3962 952 4026 fidem
1011 3963 1267 4027 exulare
1323 3963 1563 4047 ubique
1623 3965 2026 4047 praedicatur.
2133 3960 2402 4025 Accedit
2467 3960 2666 4023 etiam

755 4067 1074 4131 malorum
1135 4068 1413 4147 cumulo,
1464 4067 1637 4151 quod
1693 4068 1922 4131 fratres
1983 4066 2084 4129 sui
2142 4064 2221 4129 ab
2281 4065 2421 4148 ipso
2481 4062 2667 4126 divisi

758 4178 931 4250 sunt,
965 4172 1129 4236 sicut
1153 4173 1291 4255 Jam
1319 4172 1608 4255 undique
1639 4171 2024 4252 divulgatur,
2057 4175 2124 4232 et
2158 4188 2447 4251 pugnam
2480 4187 2662 4229 suam

754 4274 1190 4355 instituentes,
1221 4276 1434 4359 ipsum
1467 4276 1607 4358 jam
1645 4294 1781 4357 prae
1822 4271 2219 4356 paupertatis
2251 4269 2553 4353 angustia
2590 4270 2663 4331 in

755 4380 1183 4443 sollicitudine
1224 4379 1592 4443 latitantem
1642 4377 1724 4439 ad
1768 4382 2046 4439 vestram
2096 4373 2505 4457 praesentiam
2551 4394 2659 4455 ap-

752 4481 1171 4568 pellaverunt.
1267 4482 1396 4545 Sed
1439 4486 1723 4545 vestrum
1769 4485 1886 4557 est,
1934 4485 2117 4561 pater
2165 4482 2406 4553 sancte,
2452 4473 2657 4539 consi·
2722 4486 2726 4492 ’
