3200 5392
4 67 3200 365 s-..-.-.-..

565 956 570 959 .
627 884 756 928 Aa).
794 865 1187 948 1161—89.]
1289 880 1623 926 EPIs'roLAE
1654 883 1976 934 QUAEDAM.
2394 869 2523 931 249

621 1001 997 1064 vallensium
1041 1021 1156 1085 per
1197 999 1409 1084 ipsum
1453 1021 1687 1082 papam
1738 1021 1848 1064 vos
1895 1003 2330 1068 commendari
2373 1005 2522 1070 feci-

619 1125 785 1167 mus.
876 1105 1056 1167 Bene
1085 1105 1294 1168 valeat
1323 1102 1621 1167 dominus
1651 1122 1853 1167 meus.

681 1406 1122 1471 EPISTOLA
1166 1405 1994 1471 CCCCLXV.—nmsnnu
2026 1429 2117 1470 An
2150 1428 2460 1473 EUNDEM.

622 1557 859 1620 Thomoe
882 1558 1317 1622 Cantuariensi
1346 1558 1801 1640 archiepiscopo
1824 1559 2094 1622 Joannes
2109 1561 2524 1624 Pictaviemis

816 1662 1132 1744 episcopus
1159 1663 1420 1724 salutem
1449 1666 1511 1724 et
1538 1662 1606 1723 in
1635 1662 1913 1724 adversis
1927 1663 2323 1744 patientiam.

723 1812 1226 1875 PATERNITATIS
1306 1817 1534 1874 vestrae
1614 1810 1852 1890 literas,
1932 1835 2088 1896 quas
2175 1814 2519 1878 novissime

613 1913 800 1977 nobis
883 1915 1102 1977 attulit
1183 1914 1382 1977 frater
1468 1914 1714 1992 Simon,
1792 1915 2019 1978 devote
2100 1916 2519 2001 suscipientes

612 2015 894 2078 multum
954 2015 1407 2078 consolationis
1467 2036 1545 2078 ex
1595 2016 1750 2098 ipsis
1809 2017 2228 2098 percepimus·
2341 2019 2519 2084 Quas

613 2118 811 2181 etiam
847 2118 1025 2201 quasi
1072 2118 1391 2200 quoddam
1435 2118 1795 2181 remedium
1835 2140 2079 2197 eorum,
2113 2141 2256 2202 quae
2294 2127 2520 2183 contra

609 2228 831 2284 votum
871 2227 1167 2283 nostrum
1207 2220 1391 2283 nobis
1431 2220 1874 2303 praenunciata
1914 2226 2119 2299 erant,
2150 2220 2514 2285 habuimus.

610 2318 914 2406 Congruo
975 2344 1226 2406 quoque
1284 2323 1423 2387 loco
1482 2323 1699 2386 literas
1751 2329 1991 2386 vestras
2038 2323 2514 2402 consolatorias,

610 2427 1015 2490 Cenomanni
1051 2427 1309 2505 scilieet,
1343 2432 1659 2509 praesente
1690 2426 1952 2490 domino
1990 2426 2162 2489 illius
2198 2426 2384 2505 sediS,
2415 2447 2514 2490 re-

607 2531 910 2613 cepimus.
1005 2529 1136 2594 Qui
1177 2535 1243 2593 et
1286 2530 1394 2593 ille
1424 2529 1519 2592 vir
1548 2522 1919 2606 catholicus,
1953 2535 2191 2593 sanctae
2234 2529 2514 2593 ecclesiae

606 2631 1007 2695 tribulationi
1059 2631 1473 2714 compatienS,
1522 2651 1601 2694 ex
1654 2630 1893 2693 eisdem
1945 2630 2147 2694 literis
2200 2631 2510 2710 animum,

606 2755 685 2797 ex
726 2735 1000 2798 sinistris
1040 2735 1494 2817 praenunciatis
1519 2755 1671 2797 ·non
1711 2732 1960 2798 modice
2000 2734 2328 2813 afflictum,
2361 2755 2512 2798 con-

5 2746 16 2993 ι
606 2837 846 2900 solatus
877 2844 994 2900 est.
1088 2837 1282 2920 Spem
1306 2837 1545 2901 etenim
1576 2836 1763 2900 nobis
1792 2836 1946 2899 inde
1976 2837 2308 2919 concipere
2337 2837 2509 2916 licet,

609 2939 780 3022 quod
810 2940 864 3002 si
892 2961 1042 3003 vera
1069 2946 1242 3018 sunt,
1275 2962 1416 3023 quae
1458 2961 1634 3003 nunc
1663 2947 2132 3023 proponuntur,
2164 2941 2512 3022 imperator

606 3042 731 3117 ille,
769 3043 1058 3125 pluribus
1103 3050 1471 3127 occupatus,
1511 3043 1843 3127 tyrannidi
1888 3065 2019 3106 suae
2062 3043 2134 3106 iu
2179 3045 2509 3108 ecclesiam

608 3144 977 3208 exercendae
1019 3146 1235 3208 minus
1278 3166 1501 3209 vacare
1545 3145 1802 3228 poterit.
1892 3145 2012 3209 Est
2057 3153 2274 3210 autem
2320 3167 2511 3231 super

607 3268 733 3330 quo
783 3247 1112 3325 miramur,
1162 3247 1364 3311 literis
1416 3247 1642 3310 vestris
1693 3268 1828 3311 non
1876 3247 2073 3311 fuisse
2121 3269 2509 3331 expressum,

542 3382 548 3388 ·
606 3348 761 3432 quid
792 3355 1009 3412 actum
1040 3350 1122 3412 sit
1155 3348 1225 3412 in
1262 3348 1594 3434 colloquio,
1627 3350 1798 3432 quod
1829 3349 2127 3413 dominus
2166 3372 2275 3415 rex
2308 3353 2509 3414 Fran-

605 3471 828 3514 corum
887 3450 1262 3514 Altisiodori
1318 3450 1546 3514 habuit
1611 3450 1681 3513 in
1748 3451 1987 3515 octavis
2054 3454 2508 3535 apostolorum.

604 3553 990 3617 Consultum
1032 3574 1180 3617 vero
1223 3553 1408 3617 nobis
1450 3553 1725 3631 videtur,
1775 3553 1944 3635 quod
1991 3552 2319 3633 beneficia,
2368 3576 2510 3638 quae

601 3655 772 3718 idem
808 3676 922 3718 rex
952 3656 1346 3718 Francorum
1391 3662 1457 3718 et
1497 3675 1710 3719 comes
1744 3656 2068 3720 Henricus
2103 3658 2282 3721 vobis
2318 3657 2507 3723 obtu-

601 3758 748 3838 lisse
794 3759 1119 3836 dicuntur,
1155 3758 1540 3841 reciperetiS,
1572 3759 1805 3841 quibus
1849 3760 2200 3841 patientius
2245 3761 2507 3824 exilium

604 3870 907 3941 vestrum,
932 3863 1136 3929 donec
1167 3863 1463 3926 dominus
1495 3862 1575 3926 ad
1606 3862 1863 3946 propria
1883 3863 2059 3927 vobis
2091 3864 2371 3927 reditum
2395 3887 2505 3948 pa-

603 3969 781 4045 rarit,
808 3976 1181 4050 supportare
1212 3969 1483 4052 possitis.
1530 3968 1850 4031 Dominus
1880 3968 2076 4032 etiam
2099 3989 2211 4031 rex
2240 3969 2506 4052 praedic-

604 4077 712 4133 tus
743 4070 1047 4132 secretius
1071 4077 1137 4132 et
1161 4071 1442 4134 securius
1466 4070 1730 4134 consilia
1754 4092 1870 4133 sua
1893 4070 2260 4134 discretioni
2277 4078 2506 4135 vestrae

604 4173 1034 4250 concrederet,
1067 4173 1121 4235 si
1161 4195 1284 4256 quo
1314 4172 1626 4237 beneficio
1655 4195 1764 4237 vos
1803 4173 1923 4236 sibi
1957 4172 2406 4255 obligatiorem
2436 4181 2505 4237 et

605 4276 1018 4340 obnoxiorem
1048 4282 1349 4359 speraret.
1445 4276 1574 4340 Sed
1603 4283 1670 4340 et
1705 4278 1914 4341 multo
1945 4276 2272 4339 sollicitior
2301 4276 2500 4356 fieret,

602 4386 680 4443 ut
723 4378 920 4457 vobis,
958 4386 1224 4443 vacante
1269 4380 1482 4464 aliquo
1525 4380 1895 4464 episcopatu
1940 4380 2042 4442 vel
2086 4378 2501 4460 archiepisco-

599 4490 777 4567 patu,
808 4483 879 4546 in
908 4483 1230 4547 redituum
1273 4484 1680 4568 perceptione
1724 4484 2102 4568 provideret,
2135 4481 2190 4546 si
2226 4482 2382 4566 quid
2422 4483 2501 4547 de
