3200 5392
734 724 883 790 320.
1412 746 1781 791 rannnmcx
1820 749 1964 794 mr.

730 863 1165 926 firmaverunt.
1254 861 1342 926 Et
1387 862 1470 925 ad
1515 864 1966 929 removendam
2017 887 2134 950 pro
2178 874 2361 950 parte
2411 875 2633 933 nostra

727 986 986 1029 omnem
1031 964 1522 1048 ambiguitatem
1566 988 1789 1031 omnes
1834 968 2039 1047 electi,
2085 970 2330 1053 primus
2376 971 2629 1035 Coloni-

723 1067 916 1145 ensis,
948 1067 1180 1131 deinde
1219 1068 1451 1145 caeteri,
1485 1089 1695 1132 sacros
1739 1070 1995 1135 ordines
2038 1072 2109 1135 in
2149 1072 2431 1138 Sabbato
2475 1095 2627 1158 qua-

723 1178 875 1234 tuor
902 1178 1264 1254 temporum
1301 1171 1383 1234 ad
1422 1171 1680 1235 laudem
1720 1182 1786 1236 et
1821 1172 2133 1238 honorem
2169 1176 2420 1259 imperii
2460 1176 2628 1259 apud

724 1272 1149 1355 Witzeburgh
1177 1293 1325 1336 cum
1355 1273 1533 1336 omni
1562 1273 1898 1338 devotione
1928 1285 2366 1360 susceperunt.
2437 1279 2626 1341 Simi-

722 1376 872 1439 liter
924 1373 1201 1438 universi
1251 1374 1570 1458 principes
1618 1375 1970 1454 saeculares,
2022 1376 2152 1440 dux
2203 1378 2513 1457 Saxoniae,
2560 1386 2626 1443 et

721 1477 1028 1542 Albertus
1096 1476 1380 1541 marchio
1448 1477 1683 1553 senior,
1744 1485 1811 1542 et
1877 1479 2201 1563 palatinus
2267 1501 2478 1545 comes
2545 1482 2624 1544 de

724 1581 973 1658 Rheno,
1010 1580 1437 1663 landgraviae,
1484 1590 1549 1644 et
1594 1581 1825 1667 reliqui
1870 1603 2093 1646 omnes
2137 1603 2327 1665 super
2370 1591 2622 1647 sancto-

718 1707 864 1748 rum
895 1683 1194 1767 reliquias
1223 1682 1478 1765 publice
1510 1684 1912 1767 juraverunt.
2008 1685 2434 1750 Honorabiles
2464 1707 2620 1769 quo-

719 1808 842 1871 que
871 1786 1069 1868 legati
1096 1785 1266 1867 regis
1294 1785 1575 1868 Anglici‚
1608 1786 1797 1850 amici
1828 1787 2052 1864 nostri,
2085 1787 2165 1852 ab
2195 1787 2336 1870 ipso
2379 1788 2462 1851 ad
2501 1810 2620 1852 nos

717 1888 1095 1965 transmissi,
1141 1887 1212 1950 in
1264 1887 1608 1970 praesentia
1649 1888 1851 1952 totius
1902 1889 2097 1954 curiae
2144 1897 2382 1955 nostrae
2433 1912 2623 1974 super

715 2001 1085 2057 sanctorum
1125 1991 1421 2073 reliquias
1458 2012 1536 2054 ex
1580 2000 1765 2074 parte
1807 1992 1978 2074 regis
2022 1992 2282 2075 Anglici
2326 2000 2394 2057 et
2437 1993 2619 2058 baro-

715 2120 877 2162 num
906 2097 1044 2180 ejus
1079 2096 1520 2179 juramentum
1557 2095 1729 2177 apud
1758 2095 2183 2179 Witzeburgh
2220 2097 2618 2181 juraverunt,

716 2200 886 2285 quod
931 2207 997 2263 et
1042 2198 1178 2281 ipse
1222 2218 1333 2261 rex
1377 2197 1693 2279 Anglicus
1743 2219 1891 2261 cum
1937 2205 2078 2262 toto
2128 2219 2331 2282 regno
2382 2222 2499 2265 suo
2548 2203 2619 2265 in

711 2310 894 2388 parte
924 2308 1146 2365 nostra
1173 2299 1447 2363 fideliter
1476 2298 1694 2375 stabit,
1727 2306 1794 2363 et
1823 2300 2159 2364 dominum
2200 2323 2432 2385 papam
2463 2304 2620 2367 Pas-

712 2405 980 2482 chalem,
1021 2422 1215 2485 quem
1251 2422 1370 2465 nos
1409 2407 1727 2478 tenemus,
1772 2407 1839 2464 et
1876 2400 2013 2484 ipse
2052 2400 2319 2480 tenebit,
2361 2410 2428 2466 et
2470 2426 2618 2467 nos-

711 2515 881 2569 tram
931 2508 1181 2585 partem
1232 2498 1704 2563 manutenebit.
1793 2500 1882 2562 Et
1942 2499 2022 2562 de
2076 2500 2369 2563 Rolando
2420 2500 2617 2564 schis-

712 2605 967 2682 maticO,
999 2603 1098 2666 vel
1137 2602 1274 2686 ejus
1310 2608 1491 2684 parte
1531 2601 1805 2685 amplius
1842 2602 1923 2664 de
1967 2608 2199 2665 caetero
2235 2623 2302 2665 se
2341 2623 2475 2666 non
2513 2604 2612 2667 in-

709 2706 1048 2771 tromittet.
1138 2705 1279 2767 Nos
1307 2704 1526 2786 itaque
1557 2704 1639 2768 de
1667 2712 1784 2767 tua
1817 2703 2158 2768 dilectione
2198 2711 2264 2768 et
2305 2705 2614 2770 fidelitate

710 2809 1126 2887 confidentes,
1158 2814 1224 2872 et
1261 2807 1607 2891 plurimam
1648 2805 1949 2870 fiduciam
1983 2805 2319 2886 habenteS,
2348 2809 2616 2873 manda-

708 2934 853 2977 mus
882 2911 1004 2977 tibi
1034 2910 1348 2974 attentius
1378 2914 1717 2972 monentes
1747 2929 1821 2971 ac
1861 2908 2318 2992 praecipientes,
2348 2917 2423 2974 ut
2452 2933 2614 2994 prae-

709 3018 955 3081 dictum
992 3016 1455 3099 juramentum,
1489 3013 1662 3095 quod
1705 3034 1824 3076 nos
1868 3012 2123 3096 propria
2150 3035 2349 3077 manu
2392 3023 2614 3080 nostra

708 3140 921 3183 coram
952 3116 1348 3200 principibus
1370 3114 1748 3198 juravimus,
1773 3123 1839 3179 et
1869 3115 1990 3198 ipsi
2020 3114 2338 3199 principes
2358 3117 2614 3201 jurave-

705 3228 862 3290 runt
901 3227 967 3284 et
1003 3221 1437 3295 firmaverunt,
1469 3217 1603 3300 ipse
1634 3238 1783 3280 cum
1823 3216 2123 3281 omnibus
2161 3219 2442 3283 ecclesiae
2479 3228 2611 3285 tuae

704 3323 999 3389 fidelibus
1028 3322 1283 3406 publice
1315 3322 1494 3403 jures
1536 3328 1601 3383 et
1647 3318 1957 3398 observes,
1988 3327 2055 3383 et
2095 3320 2365 3404 singulis
2407 3322 2612 3387 domi-

703 3426 866 3491 nicis
897 3424 1120 3487 diebus
1164 3430 1230 3487 et
1257 3422 1437 3486 festis
1476 3422 1545 3484 in
1585 3421 1846 3505 publica
1873 3421 2086 3500 missa,
2118 3422 2285 3487 sicut
2324 3424 2609 3488 edictum

704 3537 801 3593 est
846 3535 911 3590 et
952 3526 1272 3590 sancitum
1317 3547 1356 3588 a
1397 3523 1583 3588 nobis
1635 3531 1702 3587 et
1746 3545 1785 3586 a
1830 3522 2243 3607 principibus,
2282 3525 2609 3608 publicam,

698 3634 1053 3697 orationem
1098 3653 1212 3714 pro
1257 3630 1516 3694 domino
1559 3651 1725 3713 papa
1772 3630 2062 3694 Paschali
2106 3630 2490 3694 nominatim
2536 3638 2604 3695 et

702 3734 974 3810 assidue,
1005 3734 1184 3797 intus
1215 3740 1281 3796 et
1309 3733 1482 3811 foris,
1512 3733 1842 3815 praecipias
1870 3733 2144 3798 recitari.

786 3833 1092 3898 Edictum
1124 3855 1376 3917 quoque
1406 3842 1504 3897 est
1534 3842 1599 3897 et
1624 3842 1963 3913 statutum,
1986 3841 2062 3898 ut
2090 3835 2228 3899 haec
2258 3836 2477 3900 omnia
2496 3838 2606 3922 ju·-

697 3942 992 4001 ramenta
1018 3935 1189 3999 infra
1218 3957 1327 3999 sex
1353 3936 1783 4001 hebdomadas
1806 3937 1887 4001 ab
1910 3938 2211 4003 omnibus
2238 3941 2606 4023 complean-

696 4046 826 4105 tur.
918 4038 1111 4103 Quod
1154 4039 1209 4101 si
1252 4039 1480 4122 aliquis
1524 4040 2009 4118 monachorum,
2051 4041 2446 4121 clericorum,
2487 4044 2604 4107 lai-

695 4163 916 4208 corum
944 4142 1019 4217 in,
1044 4142 1315 4225 imperio
1342 4149 1566 4205 nostro
1594 4142 1746 4205 huic
1782 4142 2256 4207 confirmationi
2293 4151 2356 4207 et
2390 4145 2603 4212 edicto

692 4252 934 4322 nostro,
966 4245 1179 4327 aliquo
1208 4244 1404 4308 modo
1439 4265 1506 4307 se
1540 4245 1921 4327 opponendo
1956 4245 2434 4325 contradixerit,
2466 4267 2599 4311 cer-

693 4355 837 4415 tum
868 4348 950 4410 sit
992 4347 1164 4430 apud
1199 4354 1287 4426 te,
1321 4347 1491 4428 quod
1537 4347 1703 4409 sicut
1746 4346 2038 4428 publicus
2081 4346 2286 4411 hostis
2329 4349 2600 4432 imperii,

3113 5091 3192 5211 lt
