3200 5392
761 683 807 742 4
1379 699 1700 742 aunan
1736 699 2038 743 nnscon

756 815 1117 881 beriensem
1158 806 1559 900 ‘episcopum
1634 821 1879 894 vestrae,
1939 813 2220 894 domine,
2282 813 2664 880 sublimitati

758 919 954 1003 digne
1002 919 1302 984 duximus
1349 918 1957 983 commendandum.
2049 916 2263 984 Quem
2309 917 2489 983 vobis
2535 917 2664 982 uti-

762 1044 887 1107 que
929 1022 1186 1087 fidelem
1231 1022 1547 1101 novimus,
1597 1028 1665 1086 et
1717 1021 1985 1086 caritate
2035 1042 2171 1086 non
2220 1021 2374 1085 ficta
2423 1027 2666 1086 vestros

757 1146 873 1209 per
917 1125 1135 1189 omnia
1179 1123 1537 1189 desiderare
1582 1144 1930 1203 successus,
1975 1122 2424 1189 indubitanter
2467 1144 2665 1205 agno-

758 1226 984 1289 vimus.
1078 1224 1273 1289 Unde
1330 1225 1656 1310 majestati
1706 1225 1900 1308 re‘giae
1958 1226 2190 1290 honori
2247 1224 2667 1307 proculdubio

760 1328 944 1392 cedet
983 1336 1048 1392 et
1089 1328 1326 1411 gloriae,
1359 1334 1434 1391 ut
1463 1328 1532 1391 in
1562 1328 1778 1411 ipsum
1808 1328 2160 1392 clementer
2197 1328 2569 1412 respiciatis,
2600 1335 2666 1392 et

758 1431 953 1512 regiae
1002 1431 1261 1515 pietatis
1312 1431 1528 1494 oculos
1586 1430 1659 1493 in
1715 1430 1930 1513 ipsum
1982 1430 2296 1495 attentius
2354 1431 2665 1495 habeatis.

760 1534 1046 1597 Fidelem
1078 1533 1310 1617 quippe
1340 1533 1645 1598 clericum
1673 1540 1960 1597 vestrum
1988 1533 2388 1598 transmittet
2423 1533 2505 1597 ad
2536 1555 2664 1611 vos,

758 1642 835 1698 ut
875 1657 1068 1719 quam
1108 1635 1212 1718 pie
1253 1634 1552 1699 dominus
1584 1634 2072 1699 Cantuariensis
2117 1635 2201 1700 sit
2245 1635 2413 1699 circa
2452 1635 2665 1718 ipsum

739 1738 1089 1830 sollicitus&
1121 1744 1188 1801 et
1218 1738 1424 1802 verbis
1455 1738 1595 1821 ejus
1626 1744 1692 1801 et
1722 1737 1994 1821 scriptis,
2027 1759 2172 1821 quae
2201 1759 2334 1821 prae
2366 1737 2666 1802 manibus

757 1841 974 1918 habet,
1023 1840 1405 1922 agnoscatis.
1497 1841 1683 1904 Onus
1736 1841 2049 1925 siquidem
2099 1841 2533 1926 suspensionis
2583 1841 2666 1904 ad

754 1965 1036 2028 praesens
1081 1943 1377 2023 sustinet,
1420 1951 1487 2008 et
1525 1944 1664 2029 jam
1712 1945 1966 2023 citatus,
2005 1945 2183 2029 juste
2230 1945 2360 2009 sive
2401 1945 2663 2029 injuste,

755 2047 1435 2111 excommunicationis
1486 2048 1899 2124 sententiam,
1951 2057 2029 2113 ut
2088 2069 2167 2112 ex
2225 2048 2475 2131 scriptis
2521 2068 2664 2130 per-

755 2150 1115 2233 pendimuS,
1170 2158 1236 2214 et
1294 2151 1629 2214 retroactis
1688 2151 2030 2214 manifeste
2088 2150 2482 2233 conjicimus,
2536 2150 2664 2213 nisi

755 2274 869 2336 per
896 2275 1007 2316 vos
1036 2254 1106 2315 in
1136 2253 1425 2334 proximo
1455 2273 1585 2315 non
1625 2251 1871 2315 evadet.
1960 2250 2175 2316 Quam
2220 2252 2275 2314 si
2318 2251 2664 2335 contigerit

755 2355 826 2418 in
865 2355 1077 2437 ipsum
1119 2354 1275 2430 dari,
1307 2353 1430 2416 erit
1468 2352 1696 2435 utique
1737 2352 1859 2416 sibi
1899 2352 2213 2431 dedecori,
2255 2360 2322 2417 et
2360 2354 2662 2418 omnibus
2705 2411 2712 2416 .

755 2457 942 2541 regni
990 2458 1181 2520 vestri
1228 2457 1516 2539 personis
1563 2456 1967 2521 concussioni
2017 2458 2257 2541 pariter
2307 2466 2374 2523 et
2423 2459 2659 2523 timori.

757 2559 971 2627 Quem
1011 2561 1064 2623 si
1106 2566 1312 2623 vestra
1340 2559 1711 2642 benignitas
1751 2568 2041 2624 evocaret
2083 2560 2166 2625 ad
2206 2581 2293 2640 se,
2324 2562 2449 2626 iter
2488 2583 2662 2626 acce-

756 2662 990 2726 leraret
1021 2662 1104 2725 ad
1131 2683 1263 2739 VOS,
1295 2670 1361 2726 et
1390 2661 1738 2726 imminens
1767 2664 1890 2727 hoc
1918 2664 2274 2747 periculum
2304 2686 2425 2748 ope
2452 2671 2665 2729 vestra

754 2765 978 2842 fretus,
1025 2765 1293 2848 juvante
1352 2766 1654 2844 Domino,
1708 2767 1950 2849 optime
2003 2767 2374 2832 declinaret.
2467 2768 2662 2831 Unde

756 2888 907 2931 cum
945 2874 1208 2950 petente
1247 2869 1547 2950 petimus,
1577 2890 1725 2933 cum
1768 2870 2168 2954 supplicante
2207 2870 2660 2953 supplicamus,

756 2976 1078 3056 quatenus
1109 2972 1455 3054 suspiranti
1494 2972 1563 3035 in
1604 2973 1727 3036 hoc
1768 2973 1940 3037 fideli
1980 2980 2189 3037 vestro
2221 2994 2548 3037 accessum
2579 2974 2662 3037 ad

755 3095 885 3137 vos·
910 3074 993 3137 ad
1035 3095 1334 3157 praesens,
1367 3075 1420 3138 si
1449 3076 1679 3158 placet,
1712 3076 2100 3157 concedatiS,
2135 3084 2201 3140 et
2229 3076 2441 3160 ipsum
2471 3098 2660 3141 cona-

755 3185 864 3242 tus
895 3180 1053 3262 ejuS,
1087 3178 1197 3261 qui
1216 3178 1405 3244 'vobis
1436 3181 1811 3244 adversatur
1838 3181 1910 3243 in
1940 3181 2257 3257 omnibus,
2289 3187 2355 3244 et
2384 3181 2660 3263 appella·

755 3282 1042 3346 tionibus
1087 3291 1153 3347 et
1196 3284 1403 3347 modis
1448 3285 1610 3360 aliis,
1643 3304 1802 3366 quos
1831 3281 2139 3346 revelabit
2182 3282 2523 3362 Dominus,
2553 3305 2661 3347 us-

757 3405 883 3467 que
927 3385 1010 3448 ad
1053 3384 1412 3466 legatorum
1452 3391 1813 3448 vestrorum
1853 3383 2200 3446 adventum
2242 3383 2477 3449 elidere
2519 3407 2660 3469 per-

757 3485 1051 3549 mittatis.
1145 3486 1291 3550 Hoc
1320 3485 1637 3569 siquidem
1666 3485 1845 3550 vobis
1874 3485 2123 3564 honori,
2156 3487 2485 3551 securitati
2513 3496 2663 3555 vero
2740 3557 2744 3560 ,

758 3589 944 3653 nobis
989 3588 1288 3652 omnibus
1332 3588 1630 3651 futurum
1674 3587 2012 3666 credimus,
2046 3588 2155 3672 qui
2198 3590 2366 3654 vices
2408 3600 2661 3657 nostras

756 3694 830 3756 in
899 3691 1366 3776 protectionem
1423 3700 1700 3755 vestram
1758 3691 1943 3755 fratri
2014 3701 2235 3757 nostro
2293 3694 2661 3761 fidelissimo

758 3790 1160 3861 committere
1219 3816 1373 3858 sane
1430 3794 1802 3877 poterimus,
1855 3803 1931 3859 ut
1983 3804 2273 3860 amoveat
2323 3797 2661 3863 abundans

758 3898 1026 3975 cautela,
1059 3899 1114 3960 si
1152 3897 1306 3978 quid
1343 3897 1415 3960 in
1454 3918 1729 3979 regnum
1769 3905 2050 3961 vestrum
2094 3900 2263 3961 male
2306 3899 2663 3965 machinari

758 3999 1029 4063 voluerit
1071 4005 1374 4083 potestas,
1409 3998 1578 4081 quod
1626 3999 1811 4077 absit,
1856 3999 2216 4064 indiscreta.
2288 4000 2521 4066 Valere
2549 4026 2660 4068 vos

757 4111 1053 4185 optamus
1112 4102 1184 4165 in
1243 4102 1546 4181 Domin0,
1610 4102 1847 4186 diuque
1904 4123 2176 4186 regnare
2233 4103 2521 4184 feliciter,
2588 4107 2658 4170 in

757 4205 1012 4270 Christo
1043 4205 1467 4270 dilectissime.
