<?xml version="1.0" encoding="UTF-8"?>
<!DOCTYPE html PUBLIC "-//W3C//DTD XHTML 1.0 Transitional//EN"
    "http://www.w3.org/TR/xhtml1/DTD/xhtml1-transitional.dtd">
<html xmlns="http://www.w3.org/1999/xhtml" xml:lang="en" lang="en">
 <head>
  <title>
</title>
<meta http-equiv="Content-Type" content="text/html;charset=utf-8" />
  <meta name='ocr-system' content='tesseract 3.04.00' />
  <meta name='ocr-capabilities' content='ocr_page ocr_carea ocr_par ocr_line ocrx_word'/>
</head>
<body>
  <div class='ocr_page' id='page_1' title='image "./gilbertiexabbat01gilegoog_0048.png"; bbox 0 0 3200 5392; ppageno 0'>
   <div class='ocr_carea' id='block_1_1' title="bbox 21 0 3187 647">
    <p class='ocr_par' dir='ltr' id='par_1_1' title="bbox 21 0 3187 647">
     <span class='ocr_line' id='line_1_1' title="bbox 21 0 3187 647; baseline 0 4745"><span class='ocrx_word' id='word_1_1' title='bbox 21 0 3187 647; x_wconf 95' lang='lat' dir='ltr'><strong> </strong></span> 
     </span>
    </p>
   </div>
   <div class='ocr_carea' id='block_1_2' title="bbox 777 722 2056 784">
    <p class='ocr_par' dir='ltr' id='par_1_2' title="bbox 777 722 2056 784">
     <span class='ocr_line' id='line_1_2' title="bbox 777 722 2056 784; baseline 0 0"><span class='ocrx_word' id='word_1_2' title='bbox 777 722 862 784; x_wconf 81' lang='lat'><strong>32</strong></span> <span class='ocrx_word' id='word_1_3' title='bbox 1403 739 1723 783; x_wconf 69' lang='lat' dir='ltr'><strong>cunnum</strong></span> <span class='ocrx_word' id='word_1_4' title='bbox 1759 741 2056 784; x_wconf 70' lang='lat' dir='ltr'><strong>nmscort</strong></span> 
     </span>
    </p>
   </div>
   <div class='ocr_carea' id='block_1_3' title="bbox 1115 1137 2330 1203">
    <p class='ocr_par' dir='ltr' id='par_1_3' title="bbox 1115 1137 2330 1203">
     <span class='ocr_line' id='line_1_3' title="bbox 1115 1137 2330 1203; baseline 0 -1"><span class='ocrx_word' id='word_1_5' title='bbox 1115 1137 1557 1203; x_wconf 86' lang='lat' dir='ltr'><strong>EPISTOLA</strong></span> <span class='ocrx_word' id='word_1_6' title='bbox 1600 1137 2075 1203; x_wconf 61' lang='lat' dir='ltr'><strong>ccxcl.—An</strong></span> <span class='ocrx_word' id='word_1_7' title='bbox 2110 1184 2330 1202; x_wconf 92' lang='grc'><strong>.....</strong></span> 
     </span>
    </p>
   </div>
   <div class='ocr_carea' id='block_1_4' title="bbox 739 1288 2678 4160">
    <p class='ocr_par' dir='ltr' id='par_1_4' title="bbox 739 1288 2678 4160">
     <span class='ocr_line' id='line_1_4' title="bbox 855 1288 2678 1374; baseline 0 -22"><span class='ocrx_word' id='word_1_8' title='bbox 855 1288 1024 1353; x_wconf 69' lang='lat' dir='ltr'><strong>Dum</strong></span> <span class='ocrx_word' id='word_1_9' title='bbox 1093 1289 1260 1353; x_wconf 86' lang='lat' dir='ltr'><strong>vices</strong></span> <span class='ocrx_word' id='word_1_10' title='bbox 1328 1289 1575 1373; x_wconf 79' lang='lat' dir='ltr'><strong>agimus</strong></span> <span class='ocrx_word' id='word_1_11' title='bbox 1634 1289 2104 1374; x_wconf 80' lang='lat' dir='ltr'>wigorniensis</span> <span class='ocrx_word' id='word_1_12' title='bbox 2161 1288 2460 1366; x_wconf 85' lang='lat' dir='ltr'><strong>ecclesiae‚</strong></span> <span class='ocrx_word' id='word_1_13' title='bbox 2522 1288 2678 1353; x_wconf 91' lang='lat' dir='ltr'><strong>dum</strong></span> 
     </span>
     <span class='ocr_line' id='line_1_5' title="bbox 767 1392 2677 1476; baseline 0.001 -21"><span class='ocrx_word' id='word_1_14' title='bbox 767 1413 932 1455; x_wconf 88' lang='lat' dir='ltr'><strong>onus</strong></span> <span class='ocrx_word' id='word_1_15' title='bbox 999 1393 1138 1476; x_wconf 88' lang='lat' dir='ltr'><strong>ejus</strong></span> <span class='ocrx_word' id='word_1_16' title='bbox 1203 1393 1326 1456; x_wconf 90' lang='lat' dir='ltr'><strong>etsi</strong></span> <span class='ocrx_word' id='word_1_17' title='bbox 1383 1392 1571 1456; x_wconf 86' lang='lat' dir='ltr'><strong>inviti</strong></span> <span class='ocrx_word' id='word_1_18' title='bbox 1629 1393 2040 1471; x_wconf 86' lang='lat' dir='ltr'><strong>sustinemus,</strong></span> <span class='ocrx_word' id='word_1_19' title='bbox 2100 1392 2325 1475; x_wconf 89' lang='lat' dir='ltr'><strong>utique</strong></span> <span class='ocrx_word' id='word_1_20' title='bbox 2394 1392 2677 1456; x_wconf 91' lang='lat' dir='ltr'><strong>Domino</strong></span> 
     </span>
     <span class='ocr_line' id='line_1_6' title="bbox 765 1494 2676 1579; baseline 0 -21"><span class='ocrx_word' id='word_1_21' title='bbox 765 1494 1197 1579; x_wconf 82' lang='lat' dir='ltr'><strong>delinquimus</strong></span> <span class='ocrx_word' id='word_1_22' title='bbox 1240 1494 1367 1558; x_wconf 91' lang='lat' dir='ltr'><strong>nisi</strong></span> <span class='ocrx_word' id='word_1_23' title='bbox 1403 1494 1824 1579; x_wconf 88' lang='lat' dir='ltr'><strong>parochianos</strong></span> <span class='ocrx_word' id='word_1_24' title='bbox 1865 1496 2004 1579; x_wconf 87' lang='lat' dir='ltr'><strong>ejus</strong></span> <span class='ocrx_word' id='word_1_25' title='bbox 2049 1501 2115 1558; x_wconf 89' lang='lat' dir='ltr'><strong>et</strong></span> <span class='ocrx_word' id='word_1_26' title='bbox 2153 1494 2317 1559; x_wconf 88' lang='lat' dir='ltr'><strong>filios</strong></span> <span class='ocrx_word' id='word_1_27' title='bbox 2347 1516 2538 1578; x_wconf 92' lang='lat' dir='ltr'><strong>super</strong></span> <span class='ocrx_word' id='word_1_28' title='bbox 2575 1495 2676 1558; x_wconf 88' lang='lat' dir='ltr'><strong>his</strong></span> 
     </span>
     <span class='ocr_line' id='line_1_7' title="bbox 767 1597 2673 1682; baseline -0.001 -20"><span class='ocrx_word' id='word_1_29' title='bbox 767 1620 912 1680; x_wconf 84' lang='lat' dir='ltr'><strong>quae</strong></span> <span class='ocrx_word' id='word_1_30' title='bbox 942 1599 1025 1662; x_wconf 88' lang='lat' dir='ltr'><strong>ad</strong></span> <span class='ocrx_word' id='word_1_31' title='bbox 1054 1598 1328 1663; x_wconf 90' lang='lat' dir='ltr'><strong>salutem</strong></span> <span class='ocrx_word' id='word_1_32' title='bbox 1366 1597 1488 1662; x_wconf 85' lang='lat' dir='ltr'><strong>sibi</strong></span> <span class='ocrx_word' id='word_1_33' title='bbox 1527 1605 1701 1675; x_wconf 89' lang='lat' dir='ltr'><strong>sunt,</strong></span> <span class='ocrx_word' id='word_1_34' title='bbox 1735 1619 1884 1662; x_wconf 92' lang='lat' dir='ltr'><strong>cum</strong></span> <span class='ocrx_word' id='word_1_35' title='bbox 1917 1598 1987 1662; x_wconf 90' lang='lat' dir='ltr'><strong>id</strong></span> <span class='ocrx_word' id='word_1_36' title='bbox 2016 1598 2258 1682; x_wconf 82' lang='lat' dir='ltr'><strong>expetit</strong></span> <span class='ocrx_word' id='word_1_37' title='bbox 2287 1598 2471 1676; x_wconf 87' lang='lat' dir='ltr'><strong>ratio,</strong></span> <span class='ocrx_word' id='word_1_38' title='bbox 2502 1619 2673 1662; x_wconf 90' lang='lat' dir='ltr'><strong>com-</strong></span> 
     </span>
     <span class='ocr_line' id='line_1_8' title="bbox 763 1699 2674 1784; baseline 0.001 -21"><span class='ocrx_word' id='word_1_39' title='bbox 763 1721 1161 1764; x_wconf 85' lang='lat' dir='ltr'><strong>moneamus.</strong></span> <span class='ocrx_word' id='word_1_40' title='bbox 1273 1699 1440 1765; x_wconf 90' lang='lat' dir='ltr'><strong>Inde</strong></span> <span class='ocrx_word' id='word_1_41' title='bbox 1498 1707 1597 1764; x_wconf 88' lang='lat' dir='ltr'><strong>est</strong></span> <span class='ocrx_word' id='word_1_42' title='bbox 1656 1700 1828 1784; x_wconf 92' lang='lat' dir='ltr'><strong>quod</strong></span> <span class='ocrx_word' id='word_1_43' title='bbox 1886 1700 2339 1764; x_wconf 84' lang='lat' dir='ltr'><strong>celsitudinem</strong></span> <span class='ocrx_word' id='word_1_44' title='bbox 2396 1708 2674 1764; x_wconf 83' lang='lat' dir='ltr'><strong>vestram</strong></span> 
     </span>
     <span class='ocr_line' id='line_1_9' title="bbox 761 1800 2668 1885; baseline 0.001 -20"><span class='ocrx_word' id='word_1_45' title='bbox 761 1801 1105 1885; x_wconf 84' lang='lat' dir='ltr'><strong>diligenter</strong></span> <span class='ocrx_word' id='word_1_46' title='bbox 1155 1800 1563 1866; x_wconf 84' lang='lat' dir='ltr'><strong>obsecramus</strong></span> <span class='ocrx_word' id='word_1_47' title='bbox 1616 1810 1681 1866; x_wconf 89' lang='lat' dir='ltr'><strong>et</strong></span> <span class='ocrx_word' id='word_1_48' title='bbox 1725 1823 2207 1867; x_wconf 88' lang='lat' dir='ltr'><strong>commonemus</strong></span> <span class='ocrx_word' id='word_1_49' title='bbox 2252 1803 2323 1866; x_wconf 90' lang='lat' dir='ltr'><strong>in</strong></span> <span class='ocrx_word' id='word_1_50' title='bbox 2368 1802 2668 1881; x_wconf 91' lang='lat' dir='ltr'><strong>Domino,</strong></span> 
     </span>
     <span class='ocr_line' id='line_1_10' title="bbox 760 1904 2670 1991; baseline 0.001 -23"><span class='ocrx_word' id='word_1_51' title='bbox 760 1905 1065 1987; x_wconf 84' lang='lat' dir='ltr'><strong>quatinus</strong></span> <span class='ocrx_word' id='word_1_52' title='bbox 1095 1904 1427 1969; x_wconf 88' lang='lat' dir='ltr'><strong>ecclesiam</strong></span> <span class='ocrx_word' id='word_1_53' title='bbox 1455 1912 1734 1970; x_wconf 85' lang='lat' dir='ltr'><strong>vestram</strong></span> <span class='ocrx_word' id='word_1_54' title='bbox 1765 1905 1845 1969; x_wconf 92' lang='lat' dir='ltr'><strong>de</strong></span> <span class='ocrx_word' id='word_1_55' title='bbox 1870 1904 2355 1985; x_wconf 88' lang='lat' dir='ltr'><strong>Teochesberia,</strong></span> <span class='ocrx_word' id='word_1_56' title='bbox 2382 1929 2525 1991; x_wconf 85' lang='lat' dir='ltr'><strong>quae</strong></span> <span class='ocrx_word' id='word_1_57' title='bbox 2555 1927 2670 1991; x_wconf 92' lang='lat' dir='ltr'><strong>pro</strong></span> 
     </span>
     <span class='ocr_line' id='line_1_11' title="bbox 762 2008 2670 2074; baseline 0.002 -3"><span class='ocrx_word' id='word_1_58' title='bbox 762 2009 968 2072; x_wconf 88' lang='lat' dir='ltr'><strong>salute</strong></span> <span class='ocrx_word' id='word_1_59' title='bbox 997 2015 1209 2072; x_wconf 85' lang='lat' dir='ltr'><strong>vestra</strong></span> <span class='ocrx_word' id='word_1_60' title='bbox 1248 2015 1315 2072; x_wconf 94' lang='lat' dir='ltr'><strong>et</strong></span> <span class='ocrx_word' id='word_1_61' title='bbox 1354 2014 1713 2072; x_wconf 83' lang='lat' dir='ltr'><strong>vestrorum</strong></span> <span class='ocrx_word' id='word_1_62' title='bbox 1757 2030 1990 2073; x_wconf 91' lang='lat' dir='ltr'><strong>manus</strong></span> <span class='ocrx_word' id='word_1_63' title='bbox 2031 2010 2210 2073; x_wconf 90' lang='lat' dir='ltr'><strong>omni</strong></span> <span class='ocrx_word' id='word_1_64' title='bbox 2250 2008 2353 2073; x_wconf 93' lang='lat' dir='ltr'><strong>die</strong></span> <span class='ocrx_word' id='word_1_65' title='bbox 2381 2009 2551 2074; x_wconf 86' lang='lat' dir='ltr'><strong>levat</strong></span> <span class='ocrx_word' id='word_1_66' title='bbox 2587 2010 2670 2074; x_wconf 89' lang='lat' dir='ltr'><strong>ad</strong></span> 
     </span>
     <span class='ocr_line' id='line_1_12' title="bbox 761 2111 2666 2197; baseline 0.002 -22"><span class='ocrx_word' id='word_1_67' title='bbox 761 2111 1136 2191; x_wconf 88' lang='lat' dir='ltr'><strong>Dominum,</strong></span> <span class='ocrx_word' id='word_1_68' title='bbox 1166 2111 1366 2176; x_wconf 92' lang='lat' dir='ltr'><strong>libere</strong></span> <span class='ocrx_word' id='word_1_69' title='bbox 1397 2111 1518 2176; x_wconf 91' lang='lat' dir='ltr'><strong>sibi</strong></span> <span class='ocrx_word' id='word_1_70' title='bbox 1546 2120 1795 2196; x_wconf 89' lang='lat' dir='ltr'><strong>patrem</strong></span> <span class='ocrx_word' id='word_1_71' title='bbox 1828 2119 1893 2177; x_wconf 91' lang='lat' dir='ltr'><strong>et</strong></span> <span class='ocrx_word' id='word_1_72' title='bbox 1915 2120 2238 2197; x_wconf 86' lang='lat' dir='ltr'><strong>pastorem</strong></span> <span class='ocrx_word' id='word_1_73' title='bbox 2261 2113 2497 2197; x_wconf 85' lang='lat' dir='ltr'><strong>eligere</strong></span> <span class='ocrx_word' id='word_1_74' title='bbox 2527 2136 2666 2197; x_wconf 91' lang='lat' dir='ltr'><strong>per-</strong></span> 
     </span>
     <span class='ocr_line' id='line_1_13' title="bbox 756 2213 2666 2298; baseline 0.002 -21"><span class='ocrx_word' id='word_1_75' title='bbox 756 2214 1052 2294; x_wconf 88' lang='lat' dir='ltr'><strong>mittatis,</strong></span> <span class='ocrx_word' id='word_1_76' title='bbox 1084 2222 1150 2278; x_wconf 93' lang='lat' dir='ltr'><strong>et</strong></span> <span class='ocrx_word' id='word_1_77' title='bbox 1178 2215 1546 2280; x_wconf 85' lang='lat' dir='ltr'><strong>libertatem</strong></span> <span class='ocrx_word' id='word_1_78' title='bbox 1577 2236 1772 2298; x_wconf 88' lang='lat' dir='ltr'><strong>quam</strong></span> <span class='ocrx_word' id='word_1_79' title='bbox 1801 2213 1923 2278; x_wconf 91' lang='lat' dir='ltr'><strong>sibi</strong></span> <span class='ocrx_word' id='word_1_80' title='bbox 1953 2214 2301 2298; x_wconf 88' lang='lat' dir='ltr'><strong>apostolica</strong></span> <span class='ocrx_word' id='word_1_81' title='bbox 2329 2218 2666 2280; x_wconf 89' lang='lat' dir='ltr'><strong>confirmat</strong></span> 
     </span>
     <span class='ocr_line' id='line_1_14' title="bbox 757 2316 2665 2401; baseline 0.001 -22"><span class='ocrx_word' id='word_1_82' title='bbox 757 2318 1125 2393; x_wconf 85' lang='lat' dir='ltr'><strong>auctoritas,</strong></span> <span class='ocrx_word' id='word_1_83' title='bbox 1180 2336 1502 2400; x_wconf 87' lang='lat' dir='ltr'><strong>quamque</strong></span> <span class='ocrx_word' id='word_1_84' title='bbox 1561 2324 1629 2380; x_wconf 92' lang='lat' dir='ltr'><strong>et</strong></span> <span class='ocrx_word' id='word_1_85' title='bbox 1687 2316 1788 2379; x_wconf 88' lang='lat' dir='ltr'><strong>avi</strong></span> <span class='ocrx_word' id='word_1_86' title='bbox 1845 2318 2040 2380; x_wconf 84' lang='lat' dir='ltr'><strong>vestri</strong></span> <span class='ocrx_word' id='word_1_87' title='bbox 2098 2323 2165 2381; x_wconf 91' lang='lat' dir='ltr'><strong>et</strong></span> <span class='ocrx_word' id='word_1_88' title='bbox 2210 2318 2412 2401; x_wconf 90' lang='lat' dir='ltr'><strong>patris</strong></span> <span class='ocrx_word' id='word_1_89' title='bbox 2469 2320 2665 2382; x_wconf 86' lang='lat' dir='ltr'><strong>vestri</strong></span> 
     </span>
     <span class='ocr_line' id='line_1_15' title="bbox 751 2417 2665 2502; baseline 0.001 -20"><span class='ocrx_word' id='word_1_90' title='bbox 751 2417 1038 2502; x_wconf 88' lang='lat' dir='ltr'><strong>benigna</strong></span> <span class='ocrx_word' id='word_1_91' title='bbox 1074 2418 1402 2500; x_wconf 90' lang='lat' dir='ltr'><strong>hucusque</strong></span> <span class='ocrx_word' id='word_1_92' title='bbox 1443 2417 1565 2482; x_wconf 89' lang='lat' dir='ltr'><strong>sibi</strong></span> <span class='ocrx_word' id='word_1_93' title='bbox 1609 2419 2002 2482; x_wconf 87' lang='lat' dir='ltr'><strong>conservavit</strong></span> <span class='ocrx_word' id='word_1_94' title='bbox 2036 2420 2261 2502; x_wconf 87' lang='lat' dir='ltr'><strong>pietas,</strong></span> <span class='ocrx_word' id='word_1_95' title='bbox 2292 2420 2665 2484; x_wconf 88' lang='lat' dir='ltr'><strong>nullatenus</strong></span> 
     </span>
     <span class='ocr_line' id='line_1_16' title="bbox 750 2518 2663 2605; baseline 0.003 -22"><span class='ocrx_word' id='word_1_96' title='bbox 750 2520 1133 2603; x_wconf 85' lang='lat' dir='ltr'><strong>impediatis.</strong></span> <span class='ocrx_word' id='word_1_97' title='bbox 1227 2518 1372 2584; x_wconf 93' lang='lat' dir='ltr'><strong>Hoc</strong></span> <span class='ocrx_word' id='word_1_98' title='bbox 1411 2520 1585 2584; x_wconf 91' lang='lat' dir='ltr'><strong>enim</strong></span> <span class='ocrx_word' id='word_1_99' title='bbox 1625 2519 1802 2584; x_wconf 89' lang='lat' dir='ltr'><strong>vobis</strong></span> <span class='ocrx_word' id='word_1_100' title='bbox 1831 2527 1967 2585; x_wconf 90' lang='lat' dir='ltr'><strong>tam</strong></span> <span class='ocrx_word' id='word_1_101' title='bbox 1997 2523 2425 2605; x_wconf 90' lang='lat' dir='ltr'><strong>periculosum</strong></span> <span class='ocrx_word' id='word_1_102' title='bbox 2455 2530 2552 2586; x_wconf 89' lang='lat' dir='ltr'><strong>est</strong></span> <span class='ocrx_word' id='word_1_103' title='bbox 2596 2530 2663 2588; x_wconf 92' lang='lat' dir='ltr'><strong>et</strong></span> 
     </span>
     <span class='ocr_line' id='line_1_17' title="bbox 752 2623 2663 2709; baseline 0.002 -23"><span class='ocrx_word' id='word_1_104' title='bbox 752 2632 981 2687; x_wconf 84' lang='lat' dir='ltr'><strong>vestrae</strong></span> <span class='ocrx_word' id='word_1_105' title='bbox 1011 2623 1204 2688; x_wconf 87' lang='lat' dir='ltr'><strong>saluti</strong></span> <span class='ocrx_word' id='word_1_106' title='bbox 1233 2624 1650 2687; x_wconf 88' lang='lat' dir='ltr'><strong>contrarium.</strong></span> <span class='ocrx_word' id='word_1_107' title='bbox 1725 2625 1821 2687; x_wconf 90' lang='lat' dir='ltr'><strong>Ex</strong></span> <span class='ocrx_word' id='word_1_108' title='bbox 1855 2645 2078 2688; x_wconf 89' lang='lat' dir='ltr'><strong>eorum</strong></span> <span class='ocrx_word' id='word_1_109' title='bbox 2101 2646 2380 2708; x_wconf 90' lang='lat' dir='ltr'><strong>namque</strong></span> <span class='ocrx_word' id='word_1_110' title='bbox 2410 2626 2663 2709; x_wconf 89' lang='lat' dir='ltr'><strong>privile-</strong></span> 
     </span>
     <span class='ocr_line' id='line_1_18' title="bbox 752 2726 2662 2812; baseline 0.002 -23"><span class='ocrx_word' id='word_1_111' title='bbox 752 2726 874 2809; x_wconf 86' lang='lat' dir='ltr'><strong>giis</strong></span> <span class='ocrx_word' id='word_1_112' title='bbox 903 2726 1359 2803; x_wconf 83' lang='lat' dir='ltr'><strong>intelleximus,</strong></span> <span class='ocrx_word' id='word_1_113' title='bbox 1389 2726 1565 2812; x_wconf 92' lang='lat' dir='ltr'><strong>quod</strong></span> <span class='ocrx_word' id='word_1_114' title='bbox 1603 2748 1828 2791; x_wconf 91' lang='lat' dir='ltr'><strong>omnes</strong></span> <span class='ocrx_word' id='word_1_115' title='bbox 1859 2727 1971 2811; x_wconf 91' lang='lat' dir='ltr'><strong>qui</strong></span> <span class='ocrx_word' id='word_1_116' title='bbox 2008 2727 2374 2792; x_wconf 89' lang='lat' dir='ltr'><strong>libertatem</strong></span> <span class='ocrx_word' id='word_1_117' title='bbox 2403 2729 2572 2794; x_wconf 89' lang='lat' dir='ltr'><strong>hanc</strong></span> <span class='ocrx_word' id='word_1_118' title='bbox 2600 2731 2662 2793; x_wconf 87' lang='lat' dir='ltr'><strong>vi</strong></span> 
     </span>
     <span class='ocr_line' id='line_1_19' title="bbox 748 2828 2658 2913; baseline 0.001 -22"><span class='ocrx_word' id='word_1_119' title='bbox 748 2836 862 2892; x_wconf 90' lang='lat' dir='ltr'><strong>aut</strong></span> <span class='ocrx_word' id='word_1_120' title='bbox 907 2836 1089 2892; x_wconf 84' lang='lat' dir='ltr'><strong>metu</strong></span> <span class='ocrx_word' id='word_1_121' title='bbox 1124 2838 1238 2892; x_wconf 88' lang='lat' dir='ltr'><strong>aut</strong></span> <span class='ocrx_word' id='word_1_122' title='bbox 1275 2828 1752 2893; x_wconf 83' lang='lat' dir='ltr'><strong>machinatione</strong></span> <span class='ocrx_word' id='word_1_123' title='bbox 1793 2849 2197 2912; x_wconf 89' lang='lat' dir='ltr'><strong>quacumque</strong></span> <span class='ocrx_word' id='word_1_124' title='bbox 2231 2828 2658 2913; x_wconf 87' lang='lat' dir='ltr'><strong>impedierint,</strong></span> 
     </span>
     <span class='ocr_line' id='line_1_20' title="bbox 749 2930 2661 3014; baseline 0.002 -20"><span class='ocrx_word' id='word_1_125' title='bbox 749 2932 1097 3014; x_wconf 87' lang='lat' dir='ltr'><strong>apostolica</strong></span> <span class='ocrx_word' id='word_1_126' title='bbox 1129 2931 1289 3014; x_wconf 89' lang='lat' dir='ltr'><strong>ligat</strong></span> <span class='ocrx_word' id='word_1_127' title='bbox 1330 2932 1677 2996; x_wconf 85' lang='lat' dir='ltr'><strong>auctoritas</strong></span> <span class='ocrx_word' id='word_1_128' title='bbox 1713 2930 2068 3009; x_wconf 89' lang='lat' dir='ltr'><strong>durissime,</strong></span> <span class='ocrx_word' id='word_1_129' title='bbox 2101 2939 2166 2995; x_wconf 90' lang='lat' dir='ltr'><strong>et</strong></span> <span class='ocrx_word' id='word_1_130' title='bbox 2207 2953 2313 2995; x_wconf 92' lang='lat' dir='ltr'><strong>eos</strong></span> <span class='ocrx_word' id='word_1_131' title='bbox 2358 2932 2661 2998; x_wconf 87' lang='lat' dir='ltr'><strong>Sathanae</strong></span> 
     </span>
     <span class='ocr_line' id='line_1_21' title="bbox 749 3036 2659 3119; baseline 0.001 -19"><span class='ocrx_word' id='word_1_132' title='bbox 749 3038 818 3100; x_wconf 92' lang='lat' dir='ltr'><strong>in</strong></span> <span class='ocrx_word' id='word_1_133' title='bbox 849 3037 1189 3100; x_wconf 90' lang='lat' dir='ltr'><strong>interitum</strong></span> <span class='ocrx_word' id='word_1_134' title='bbox 1234 3036 1443 3100; x_wconf 85' lang='lat' dir='ltr'><strong>carnis</strong></span> <span class='ocrx_word' id='word_1_135' title='bbox 1470 3036 1743 3101; x_wconf 90' lang='lat' dir='ltr'><strong>traditos</strong></span> <span class='ocrx_word' id='word_1_136' title='bbox 1784 3058 1823 3100; x_wconf 90' lang='lat' dir='ltr'><strong>a</strong></span> <span class='ocrx_word' id='word_1_137' title='bbox 1866 3056 2128 3118; x_wconf 85' lang='lat' dir='ltr'><strong>corpore</strong></span> <span class='ocrx_word' id='word_1_138' title='bbox 2169 3043 2234 3100; x_wconf 95' lang='lat' dir='ltr'><strong>et</strong></span> <span class='ocrx_word' id='word_1_139' title='bbox 2266 3058 2305 3100; x_wconf 90' lang='lat' dir='ltr'><strong>a</strong></span> <span class='ocrx_word' id='word_1_140' title='bbox 2343 3038 2659 3119; x_wconf 88' lang='lat' dir='ltr'><strong>sanguine</strong></span> 
     </span>
     <span class='ocr_line' id='line_1_22' title="bbox 750 3140 2656 3226; baseline 0.001 -22"><span class='ocrx_word' id='word_1_141' title='bbox 750 3140 1019 3206; x_wconf 90' lang='lat' dir='ltr'><strong>Domini</strong></span> <span class='ocrx_word' id='word_1_142' title='bbox 1049 3141 1254 3206; x_wconf 90' lang='lat' dir='ltr'><strong>nostri</strong></span> <span class='ocrx_word' id='word_1_143' title='bbox 1285 3142 1327 3204; x_wconf 88' lang='lat' dir='ltr'><strong>J</strong></span> <span class='ocrx_word' id='word_1_144' title='bbox 1330 3162 1445 3205; x_wconf 93' lang='lat' dir='ltr'><strong>esu</strong></span> <span class='ocrx_word' id='word_1_145' title='bbox 1474 3140 1739 3219; x_wconf 86' lang='lat' dir='ltr'><strong>Christi,</strong></span> <span class='ocrx_word' id='word_1_146' title='bbox 1771 3141 1898 3204; x_wconf 91' lang='lat' dir='ltr'><strong>nisi</strong></span> <span class='ocrx_word' id='word_1_147' title='bbox 1928 3141 2248 3221; x_wconf 87' lang='lat' dir='ltr'><strong>condigne</strong></span> <span class='ocrx_word' id='word_1_148' title='bbox 2276 3143 2656 3226; x_wconf 85' lang='lat' dir='ltr'><strong>poeniteant,</strong></span> 
     </span>
     <span class='ocr_line' id='line_1_23' title="bbox 748 3243 2658 3328; baseline 0 -20"><span class='ocrx_word' id='word_1_149' title='bbox 748 3266 1006 3328; x_wconf 89' lang='lat' dir='ltr'><strong>prorsus</strong></span> <span class='ocrx_word' id='word_1_150' title='bbox 1036 3244 1249 3309; x_wconf 89' lang='lat' dir='ltr'><strong>reddit</strong></span> <span class='ocrx_word' id='word_1_151' title='bbox 1280 3243 1539 3308; x_wconf 84' lang='lat' dir='ltr'><strong>alienos.</strong></span> <span class='ocrx_word' id='word_1_152' title='bbox 1634 3243 1827 3309; x_wconf 81' lang='lat' dir='ltr'><strong>Quod</strong></span> <span class='ocrx_word' id='word_1_153' title='bbox 1849 3265 1934 3307; x_wconf 93' lang='lat' dir='ltr'><strong>ne</strong></span> <span class='ocrx_word' id='word_1_154' title='bbox 1965 3265 2254 3327; x_wconf 91' lang='lat' dir='ltr'><strong>unquam</strong></span> <span class='ocrx_word' id='word_1_155' title='bbox 2286 3243 2658 3309; x_wconf 86' lang='lat' dir='ltr'><strong>devolvatur</strong></span> 
     </span>
     <span class='ocr_line' id='line_1_24' title="bbox 744 3352 2656 3436; baseline 0.002 -22"><span class='ocrx_word' id='word_1_156' title='bbox 744 3352 817 3414; x_wconf 90' lang='lat' dir='ltr'><strong>in</strong></span> <span class='ocrx_word' id='word_1_157' title='bbox 857 3352 965 3415; x_wconf 89' lang='lat' dir='ltr'><strong>vos</strong></span> <span class='ocrx_word' id='word_1_158' title='bbox 1004 3371 1307 3435; x_wconf 87' lang='lat' dir='ltr'><strong>rogamus</strong></span> <span class='ocrx_word' id='word_1_159' title='bbox 1348 3359 1415 3414; x_wconf 93' lang='lat' dir='ltr'><strong>et</strong></span> <span class='ocrx_word' id='word_1_160' title='bbox 1448 3372 1791 3414; x_wconf 92' lang='lat' dir='ltr'><strong>monemus</strong></span> <span class='ocrx_word' id='word_1_161' title='bbox 1831 3358 1898 3416; x_wconf 92' lang='lat' dir='ltr'><strong>et</strong></span> <span class='ocrx_word' id='word_1_162' title='bbox 1940 3373 2091 3416; x_wconf 86' lang='lat' dir='ltr'><strong>vera</strong></span> <span class='ocrx_word' id='word_1_163' title='bbox 2125 3353 2349 3436; x_wconf 89' lang='lat' dir='ltr'><strong>utique</strong></span> <span class='ocrx_word' id='word_1_164' title='bbox 2388 3355 2656 3419; x_wconf 86' lang='lat' dir='ltr'><strong>caritate</strong></span> 
     </span>
     <span class='ocr_line' id='line_1_25' title="bbox 745 3455 2653 3538; baseline 0.002 -19"><span class='ocrx_word' id='word_1_165' title='bbox 745 3456 1159 3533; x_wconf 86' lang='lat' dir='ltr'><strong>consulimus,</strong></span> <span class='ocrx_word' id='word_1_166' title='bbox 1208 3455 1513 3538; x_wconf 87' lang='lat' dir='ltr'><strong>quatinus</strong></span> <span class='ocrx_word' id='word_1_167' title='bbox 1573 3455 1886 3518; x_wconf 89' lang='lat' dir='ltr'><strong>offensam</strong></span> <span class='ocrx_word' id='word_1_168' title='bbox 1944 3455 2181 3521; x_wconf 86' lang='lat' dir='ltr'><strong>habeat</strong></span> <span class='ocrx_word' id='word_1_169' title='bbox 2238 3457 2403 3520; x_wconf 89' lang='lat' dir='ltr'><strong>iram</strong></span> <span class='ocrx_word' id='word_1_170' title='bbox 2463 3457 2653 3523; x_wconf 92' lang='lat' dir='ltr'><strong>decli-</strong></span> 
     </span>
     <span class='ocr_line' id='line_1_26' title="bbox 741 3555 2654 3643; baseline 0.004 -23"><span class='ocrx_word' id='word_1_171' title='bbox 741 3556 958 3621; x_wconf 91' lang='lat' dir='ltr'><strong>nando</strong></span> <span class='ocrx_word' id='word_1_172' title='bbox 989 3558 1129 3621; x_wconf 93' lang='lat' dir='ltr'><strong>Deo</strong></span> <span class='ocrx_word' id='word_1_173' title='bbox 1160 3578 1303 3639; x_wconf 85' lang='lat' dir='ltr'><strong>quae</strong></span> <span class='ocrx_word' id='word_1_174' title='bbox 1332 3555 1457 3620; x_wconf 92' lang='lat' dir='ltr'><strong>Dei</strong></span> <span class='ocrx_word' id='word_1_175' title='bbox 1486 3563 1642 3621; x_wconf 89' lang='lat' dir='ltr'><strong>sunt</strong></span> <span class='ocrx_word' id='word_1_176' title='bbox 1662 3557 1963 3637; x_wconf 87' lang='lat' dir='ltr'><strong>reddatis,</strong></span> <span class='ocrx_word' id='word_1_177' title='bbox 1987 3568 2053 3624; x_wconf 93' lang='lat' dir='ltr'><strong>et</strong></span> <span class='ocrx_word' id='word_1_178' title='bbox 2084 3581 2228 3643; x_wconf 87' lang='lat' dir='ltr'><strong>quae</strong></span> <span class='ocrx_word' id='word_1_179' title='bbox 2256 3559 2472 3625; x_wconf 87' lang='lat' dir='ltr'><strong>divina</strong></span> <span class='ocrx_word' id='word_1_180' title='bbox 2501 3569 2654 3627; x_wconf 89' lang='lat' dir='ltr'><strong>sunt</strong></span> 
     </span>
     <span class='ocr_line' id='line_1_27' title="bbox 743 3659 2654 3744; baseline 0.004 -22"><span class='ocrx_word' id='word_1_181' title='bbox 743 3660 1050 3723; x_wconf 84' lang='lat' dir='ltr'><strong>divinitus</strong></span> <span class='ocrx_word' id='word_1_182' title='bbox 1090 3659 1524 3724; x_wconf 86' lang='lat' dir='ltr'><strong>administrari</strong></span> <span class='ocrx_word' id='word_1_183' title='bbox 1561 3660 1969 3744; x_wconf 84' lang='lat' dir='ltr'><strong>permittatis.</strong></span> <span class='ocrx_word' id='word_1_184' title='bbox 2063 3663 2160 3728; x_wconf 91' lang='lat' dir='ltr'><strong>Ut</strong></span> <span class='ocrx_word' id='word_1_185' title='bbox 2190 3684 2337 3728; x_wconf 91' lang='lat' dir='ltr'><strong>cum</strong></span> <span class='ocrx_word' id='word_1_186' title='bbox 2369 3663 2654 3729; x_wconf 89' lang='lat' dir='ltr'><strong>debitam</strong></span> 
     </span>
     <span class='ocr_line' id='line_1_28' title="bbox 744 3762 2650 3849; baseline 0.003 -22"><span class='ocrx_word' id='word_1_187' title='bbox 744 3762 885 3828; x_wconf 92' lang='lat' dir='ltr'><strong>Deo</strong></span> <span class='ocrx_word' id='word_1_188' title='bbox 936 3765 1360 3828; x_wconf 84' lang='lat' dir='ltr'><strong>reverentiam</strong></span> <span class='ocrx_word' id='word_1_189' title='bbox 1405 3770 1471 3828; x_wconf 92' lang='lat' dir='ltr'><strong>et</strong></span> <span class='ocrx_word' id='word_1_190' title='bbox 1516 3766 1590 3827; x_wconf 90' lang='lat' dir='ltr'><strong>in</strong></span> <span class='ocrx_word' id='word_1_191' title='bbox 1636 3764 1758 3829; x_wconf 93' lang='lat' dir='ltr'><strong>hoc</strong></span> <span class='ocrx_word' id='word_1_192' title='bbox 1803 3773 1869 3828; x_wconf 94' lang='lat' dir='ltr'><strong>et</strong></span> <span class='ocrx_word' id='word_1_193' title='bbox 1911 3765 1983 3828; x_wconf 91' lang='lat' dir='ltr'><strong>in</strong></span> <span class='ocrx_word' id='word_1_194' title='bbox 2027 3766 2166 3829; x_wconf 88' lang='lat' dir='ltr'><strong>aliis</strong></span> <span class='ocrx_word' id='word_1_195' title='bbox 2213 3766 2650 3849; x_wconf 83' lang='lat' dir='ltr'><strong>exhibueritis,</strong></span> 
     </span>
     <span class='ocr_line' id='line_1_29' title="bbox 739 3866 2649 3953; baseline 0.004 -24"><span class='ocrx_word' id='word_1_196' title='bbox 739 3866 876 3951; x_wconf 89' lang='lat' dir='ltr'><strong>ipse</strong></span> <span class='ocrx_word' id='word_1_197' title='bbox 905 3889 1015 3931; x_wconf 85' lang='lat' dir='ltr'><strong>vos</strong></span> <span class='ocrx_word' id='word_1_198' title='bbox 1045 3874 1111 3932; x_wconf 89' lang='lat' dir='ltr'><strong>et</strong></span> <span class='ocrx_word' id='word_1_199' title='bbox 1144 3866 1216 3931; x_wconf 90' lang='lat' dir='ltr'><strong>in</strong></span> <span class='ocrx_word' id='word_1_200' title='bbox 1254 3868 1624 3952; x_wconf 85' lang='lat' dir='ltr'><strong>temporalis</strong></span> <span class='ocrx_word' id='word_1_201' title='bbox 1652 3868 1800 3932; x_wconf 85' lang='lat' dir='ltr'><strong>vitae</strong></span> <span class='ocrx_word' id='word_1_202' title='bbox 1843 3869 2036 3953; x_wconf 87' lang='lat' dir='ltr'><strong>hujus</strong></span> <span class='ocrx_word' id='word_1_203' title='bbox 2077 3891 2268 3935; x_wconf 88' lang='lat' dir='ltr'><strong>cursu</strong></span> <span class='ocrx_word' id='word_1_204' title='bbox 2298 3879 2649 3952; x_wconf 85' lang='lat' dir='ltr'><strong>conservet,</strong></span> 
     </span>
     <span class='ocr_line' id='line_1_30' title="bbox 742 3971 2650 4056; baseline 0.002 -21"><span class='ocrx_word' id='word_1_205' title='bbox 742 3977 809 4035; x_wconf 92' lang='lat' dir='ltr'><strong>et</strong></span> <span class='ocrx_word' id='word_1_206' title='bbox 858 3977 1007 4055; x_wconf 92' lang='lat' dir='ltr'><strong>post</strong></span> <span class='ocrx_word' id='word_1_207' title='bbox 1057 3971 1251 4056; x_wconf 89' lang='lat' dir='ltr'><strong>hujus</strong></span> <span class='ocrx_word' id='word_1_208' title='bbox 1304 3972 1592 4056; x_wconf 86' lang='lat' dir='ltr'><strong>elapsum</strong></span> <span class='ocrx_word' id='word_1_209' title='bbox 1642 3972 1791 4037; x_wconf 85' lang='lat' dir='ltr'><strong>vitae</strong></span> <span class='ocrx_word' id='word_1_210' title='bbox 1840 3993 1974 4037; x_wconf 87' lang='lat' dir='ltr'><strong>una</strong></span> <span class='ocrx_word' id='word_1_211' title='bbox 2032 3994 2181 4037; x_wconf 92' lang='lat' dir='ltr'><strong>cum</strong></span> <span class='ocrx_word' id='word_1_212' title='bbox 2240 3975 2371 4039; x_wconf 89' lang='lat' dir='ltr'><strong>suis</strong></span> <span class='ocrx_word' id='word_1_213' title='bbox 2432 3975 2650 4041; x_wconf 88' lang='lat' dir='ltr'><strong>debita</strong></span> 
     </span>
     <span class='ocr_line' id='line_1_31' title="bbox 741 4074 2207 4160; baseline 0.001 -21"><span class='ocrx_word' id='word_1_214' title='bbox 741 4074 1122 4141; x_wconf 70' lang='lat' dir='ltr'><strong>obedientiae</strong></span> <span class='ocrx_word' id='word_1_215' title='bbox 1151 4082 1217 4140; x_wconf 94' lang='lat' dir='ltr'><strong>et</strong></span> <span class='ocrx_word' id='word_1_216' title='bbox 1245 4075 1472 4160; x_wconf 89' lang='lat' dir='ltr'><strong>pietati</strong></span> <span class='ocrx_word' id='word_1_217' title='bbox 1500 4077 1792 4141; x_wconf 89' lang='lat' dir='ltr'><strong>mercede</strong></span> <span class='ocrx_word' id='word_1_218' title='bbox 1820 4083 2207 4141; x_wconf 89' lang='lat' dir='ltr'><strong>remuneret.</strong></span> 
     </span>
    </p>
   </div>
   <div class='ocr_carea' id='block_1_5' title="bbox 3174 2680 3190 3589">
    <p class='ocr_par' dir='ltr' id='par_1_5' title="bbox 3174 2680 3190 3589">
     <span class='ocr_line' id='line_1_32' title="bbox 3174 2680 3190 3589; baseline 0 0"><span class='ocrx_word' id='word_1_219' title='bbox 3174 2680 3190 3589; x_wconf 95' lang='lat' dir='ltr'><strong> </strong></span> 
     </span>
    </p>
   </div>
  </div>
 </body>
</html>
