3200 5392
724 684 813 747 20
1349 700 1671 744 oneum
1707 700 2006 744 nr1scor1

723 826 1007 885 vestrum
1039 839 1232 904 quam
1274 817 1356 882 ob
1397 815 1734 881 vitandum
1773 815 2130 901 periculum
2172 823 2467 881 nostrum
2507 817 2635 883 dis-

724 921 996 987 cretioni
1045 926 1274 986 vestrae
1324 919 1777 1005 supplicamus,
1827 919 2133 1002 quatinus
2182 940 2316 985 non
2374 927 2634 986 tantum

722 1046 874 1090 cum
913 1023 1015 1087 his
1054 1023 1165 1109 qui
1208 1029 1466 1088 terrena
1505 1022 1786 1107 sapiunt,
1818 1022 1928 1087 sed
1959 1043 2110 1087 cum
2139 1022 2289 1086 viris
2332 1022 2635 1107 sapienti-

723 1127 847 1192 bus
878 1128 1220 1211 Deumque
1248 1125 1634 1191 timentibus
1664 1125 2005 1193 consilium
2045 1145 2238 1210 super
2278 1124 2403 1190 hoc
2439 1124 2634 1190 habe-

725 1232 869 1310 atis,
915 1237 981 1295 et
1025 1230 1213 1294 illum
1259 1250 1374 1313 per
1421 1249 1611 1313 quem
1660 1229 1890 1308 vivitis,
1940 1249 2054 1312 per
2098 1249 2289 1313 quem
2336 1228 2635 1313 spiritum

723 1332 1002 1412 trahitis,
1062 1354 1176 1416 per
1228 1353 1419 1416 quem
1468 1332 1645 1397 bona
1693 1332 1903 1397 multa
1951 1331 2309 1417 possidetis,
2364 1331 2475 1416 qui
2525 1353 2636 1397 vos

723 1436 896 1500 inter
939 1434 1205 1499 adversa
1247 1435 1538 1514 servavit,
1577 1434 1882 1499 adversus
1925 1434 2145 1499 hostes
2187 1435 2484 1519 protexit,
2524 1436 2634 1519 qui

724 1537 1023 1620 spiritum
1081 1543 1367 1601 vestrum
1427 1559 1630 1621 quum
1688 1539 1859 1602 volet
1918 1539 2187 1618 auferet,
2249 1537 2361 1621 qui
2419 1539 2637 1604 omnia

721 1661 916 1724 opera
942 1646 1153 1704 vestra
1179 1640 1249 1703 in
1273 1639 1592 1725 judicium
1624 1639 1918 1719 deducet,
1950 1660 2166 1704 coram
2195 1639 2396 1705 oculis
2436 1639 2632 1705 habe-

722 1743 864 1808 atis.
958 1742 1172 1807 Hodie
1210 1742 1384 1821 estis,
1417 1748 1483 1806 et
1521 1763 1664 1807 cras
1702 1742 1972 1807 fortasse
2013 1764 2146 1806 non
2187 1742 2384 1822 eritis,
2416 1750 2485 1809 et
2529 1743 2631 1807 in-

723 1845 890 1909 ferni
928 1845 1184 1909 miseria
1225 1845 1393 1909 sicut
1436 1850 1503 1908 et
1548 1844 1695 1909 coeli
1738 1844 1943 1928 gloria
1986 1844 2125 1909 sine
2160 1845 2291 1910 fine
2328 1866 2635 1910 mansura

724 1953 844 2012 est.
936 1947 1060 2013 Illa
1090 1947 1324 2032 quippe
1354 1946 1458 2011 die
1489 1968 1617 2031 qua
1654 1947 1809 2012 hinc
1848 1954 2043 2013 erunt
2084 1947 2452 2012 accusantia
2488 1968 2634 2031 pec-

723 2056 889 2130 cata,
920 2050 1074 2115 inde
1103 2056 1353 2115 terrens
1375 2050 1651 2134 justitia,
1682 2050 1837 2118 foris
1867 2048 2100 2114 ardens
2128 2048 2431 2127 mundus,
2455 2049 2634 2113 intus

723 2175 922 2219 urens
952 2152 1364 2230 conscientia,
1395 2151 1627 2216 subtus
1664 2158 1894 2234 patens
1935 2149 2269 2214 horridum
2303 2148 2495 2213 chaos
2532 2149 2633 2212 in-

722 2254 912 2333 ferni,
944 2254 1218 2336 desuper
1260 2254 1462 2316 iratus
1499 2251 1722 2335 judex,
1762 2271 1994 2336 parum
2036 2250 2456 2334 proculdubio
2499 2251 2632 2316 cui-

725 2378 849 2441 que
879 2354 1219 2433 videbitur‚
1251 2354 1424 2437 quod
1461 2353 1745 2418 Domino
1774 2354 1931 2418 dum
1969 2353 2076 2419 hic
2111 2354 2346 2419 vivitur
2374 2353 2632 2418 exhibe-

721 2467 849 2524 tur.
942 2457 1203 2541 Tangat
1243 2458 1460 2541 itaque
1500 2477 1611 2522 eor
1644 2463 1930 2521 vestrum
1970 2457 2232 2542 spiritus
2270 2455 2418 2536 Dei,
2446 2464 2524 2521 ut
2562 2456 2633 2520 in

722 2561 1025 2647 praesenti
1063 2560 1326 2644 negotio
1365 2560 1683 2624 bonorum
1727 2560 1819 2625 sic
1861 2560 2143 2624 consiliis
2188 2559 2631 2643 adquiescatis,

722 2688 808 2732 ne
853 2666 1263 2742 sententiam,
1294 2664 1470 2750 quod
1511 2662 1700 2744 absit,
1732 2664 2077 2745 apostolica
2118 2665 2188 2728 in
2235 2685 2344 2728 vos
2388 2664 2631 2747 experi-

722 2769 911 2847 end0,
943 2768 1385 2833 confusionem
1414 2768 1609 2851 longe
1639 2789 1834 2850 quam
1864 2767 1947 2830 ad
1975 2789 2258 2852 praesens
2302 2767 2636 2832 aestimetis

724 2871 1082 2957 graviorem
1112 2871 1427 2935 sentiatis.
1521 2870 1760 2954 Sapere
1804 2876 1874 2934 et
1913 2870 2295 2954 intelligere,
2327 2877 2393 2935 et
2422 2869 2630 2935 novis-

724 2975 888 3039 sima
913 2973 1245 3059 providere
1274 2994 1384 3038 vos
1415 2979 1734 3057 optamus,
1767 2972 2109 3038 carissime.

738 3397 1185 3463 EPISTOLA
1229 3395 1902 3461 CCLXXXVI.—-An
1933 3413 1995 3457 n.
2030 3413 2117 3456 nn
2152 3413 2204 3456 s.
2237 3412 2613 3460 WALEMco.

729 3549 803 3611 G.
850 3547 974 3609 Dei
1017 3546 1235 3627 qratia
1277 3544 1615 3649 {dondanine
1658 3544 1995 3626 episcopus,
2042 3545 2240 3608 amico
2282 3565 2392 3609 suo
2436 3549 2631 3610 caris-

805 3651 961 3713 simo
989 3649 1069 3712 R.
1103 3649 1179 3712 de
1223 3653 1439 3739 sancto
1479 3647 1568 3710 W
1557 3648 1805 3726 alerien,
1850 3649 2080 3713 virtute
2122 3650 2330 3713 meriti
2359 3652 2629 3731 promis-

806 3774 942 3815 sam
972 3752 1145 3815 bonis
1167 3751 1437 3832 yloriam
1455 3749 1734 3833 feliciter
1763 3751 2049 3833 adipisci.

808 3903 978 3981 Tm,
1009 3901 1352 3980 carissime,
1386 3900 1849 3982 munificentia,
1881 3907 1997 3967 tua
2024 3902 2375 3968 liberalitas
2413 3906 2486 3967 in
2525 3925 2629 3969 me

722 4007 881 4072 adeo
903 4006 1041 4090 jam
1071 4004 1294 4069 multis
1322 4004 1632 4084 innotuit,
1664 4012 1741 4070 ut
1784 4005 1856 4070 in
1899 4006 2177 4090 negotiis
2208 4028 2351 4089 quae
2385 4006 2630 4072 habent

721 4110 803 4175 ad
831 4117 898 4174 te
931 4130 1000 4173 se
1028 4114 1288 4193 sperent
1318 4108 1517 4192 aliqui
1546 4108 1707 4174 meis
1735 4130 1920 4193 posse
1948 4108 2246 4193 precibus
2276 4110 2450 4193 apud
2477 4117 2545 4174 te
2575 4110 2630 4174 si

682 4286 687 4291 ,
718 4236 835 4301 pro
877 4235 944 4279 se
982 4213 1398 4298 porrigantur
1438 4212 1750 4297 adjuvari.
1838 4213 2035 4277 Unde
2065 4235 2225 4298 quos
2263 4215 2335 4277 in
2371 4213 2631 4280 Christo

721 4319 938 4403 diligo,
965 4318 1046 4382 de
1060 4339 1342 4402 >quorum
1372 4316 1546 4382 bona
1573 4317 1644 4380 in
1677 4315 1957 4381 Domino
1986 4317 2466 4383 conversatione
2494 4339 2630 4383 non
