3200 5392
9 0 3197 245 —

9 904 35 1263 J
601 945 732 988 Aa).
774 922 1167 1010 1161—89.]
1260 944 1736 990 Lonnomssnms
1768 945 2117 988 EPIS'POLAE.
2419 932 2503 991 47

890 1263 1335 1351 EPISTOLA
1380 1263 1956 1328 CCCXVII.—-An
1992 1312 2005 1327 .
2043 1310 2057 1326 .
2094 1312 2108 1327 .

10 1398 12 1521 J
685 1414 917 1478 LAroR
961 1414 1067 1477 hic
1113 1414 1547 1497 praesentium,
1595 1415 1803 1479 zelum
1849 1421 1924 1477 ut
1970 1413 2214 1478 fatetur
2257 1413 2502 1479 habens

10 1526 11 1535 ’
599 1518 941 1601 aliquando
985 1518 1124 1581 sine
1171 1517 1456 1594 scientia,
1501 1523 1752 1599 patrem
1799 1516 2123 1600 quondam
2170 1539 2361 1581 suum
2404 1518 2502 1581 Si-

598 1643 857 1685 monem
902 1627 1179 1698 secutus,
1219 1642 1258 1683 a
1296 1625 1464 1683 caetu
1502 1625 1732 1697 vestr0,
1765 1619 1936 1701 quod
1977 1619 2168 1683 modo
2211 1619 2505 1684 lacrima-

599 1723 815 1787 biliter
873 1723 1183 1807 deplorat,
1236 1722 1452 1785 minus
1512 1721 1911 1786 considerate
1971 1721 2277 1786 discessit.
2370 1721 2504 1787 Qui

600 1827 792 1890 modo
822 1832 1244 1910 compunctus
1285 1831 1351 1888 et
1392 1845 1733 1888 conversus
1774 1824 1855 1887 ad
1895 1845 2021 1903 cor,
2063 1845 2280 1888 rerum
2321 1825 2505 1889 edoc-

600 1935 708 1993 tus
756 1929 1147 2012 experientia
1194 1949 1387 2011 quam
1440 1948 1631 2009 grave
1691 1927 1774 1989 sit
1834 1949 1873 1990 a
1927 1926 2202 1991 fratrum
2252 1928 2506 1993 unitate

602 2033 875 2115 sejungi,
905 2032 1119 2115 pulsat
1152 2038 1218 2094 et
1249 2030 1523 2112 suspirat
1555 2030 1638 2094 ad
1666 2051 1796 2108 voS,
1830 2031 2212 2113 supplicans,
2246 2037 2311 2094 et
2349 2031 2505 2103 totis

605 2135 837 2197 animae
869 2133 1110 2196 viribus
1151 2139 1476 2214 expetens,
1509 2139 1585 2194 ut
1626 2132 2073 2197 misericordiae
2114 2132 2237 2197 sibi
2272 2135 2507 2217 januas

606 2235 924 2318 aperiatis,
967 2242 1033 2298 et
1077 2234 1292 2316 ipsum
1336 2239 1562 2315 utpote
1611 2233 1691 2296 de
1737 2239 1968 2296 caetero
2013 2235 2395 2316 prudentius
2441 2244 2508 2299 et

605 2337 948 2421 perfectius
989 2335 1420 2413 obediturum,
1465 2334 1641 2398 intra
1681 2355 2028 2397 numerum
2071 2343 2355 2400 vestrum
2399 2337 2508 2400 ad-

498 2484 503 2489 ·
604 2439 898 2503 mittatis,
1008 2438 1204 2502 Unde
1265 2437 1416 2520 quia
1451 2437 1821 2501 revertenti
1890 2458 2222 2520 nunquam
2296 2438 2509 2502 sinum

603 2542 845 2606 claudit
892 2541 1175 2620 ecclesia,
1215 2540 1421 2622 magis
1467 2560 1658 2622 super
1699 2560 1835 2603 uno
1879 2539 2166 2621 gaudens
2206 2561 2509 2605 converso

605 2646 686 2708 ad
729 2644 1200 2728 poenitentiam,
1233 2665 1430 2726 quam
1476 2663 1668 2726 super
1711 2642 1933 2705 multis
1973 2642 2083 2726 qui
2126 2643 2510 2726 poenitentia

606 2768 740 2811 non
783 2745 1096 2829 indigent,
1142 2766 1292 2809 cum
1335 2746 1635 2828 pulsante
1681 2745 2029 2827 pulsamus,
2076 2766 2225 2808 cum
2272 2745 2508 2828 suppli-

605 2854 793 2912 cante
840 2869 1057 2930 preces
1104 2846 1516 2923 effundimus,
1566 2847 1873 2930 quatinus
1926 2868 2142 2911 amore
2190 2846 2335 2926 Dei,
2383 2848 2509 2911 fra-

607 2961 939 3037 ternaeque
1012 2951 1296 3015 caritatis
1361 2950 1629 3028 intuitu,
1692 2950 1855 3013 iram
1914 2951 1968 3013 si
2027 2972 2155 3033 qua
2212 2951 2511 3014 adversus

556 3084 559 3087 ·
608 3075 758 3118 eum
797 3062 1108 3138 concepta
1150 3062 1270 3134 est,
1308 3056 1388 3120 de
1432 3055 1624 3120 corde
1670 3054 1789 3119 sibi
1830 3055 2196 3133 remittatis,
2238 3062 2305 3121 et
2346 3055 2508 3140 peti-

603 3158 848 3222 tionem
894 3164 1031 3222 tam
1078 3159 1217 3242 ejus
1265 3180 1458 3243 quam
1505 3165 1815 3236 nostram,
1865 3158 1920 3222 si
1967 3158 2206 3243 absque
2251 3159 2511 3224 laesione

609 3260 850 3329 ordinis
880 3260 1074 3323 vestri
1101 3261 1241 3327 fieri
1280 3267 1512 3344 potest,
1544 3268 1612 3325 et
1643 3263 1782 3325 sine
1811 3262 2130 3340 scandaIO,
2162 3262 2512 3329 elementer

613 3360 984 3425 exaudiatis.
1046 3362 1297 3426 Valete.

886 3619 1330 3684 EPISTOLA
1375 3619 2024 3707 CCCXVHL—An
2024 3667 2239 3684 .....

741 3775 1014 3837 Salutem
1046 3779 1107 3836 et
1123 3793 1395 3854 pronum
1425 3773 1654 3836 devotoe
1667 3772 2004 3854 fidelitatis
2030 3774 2396 3857 obsequium.
2507 3780 2512 3785 ’

702 3926 932 3989 Vnws
984 3934 1081 3990 est
1133 3931 1199 3988 et
1251 3925 1611 4008 antiquum,
1658 3924 1791 3990 Qui
1841 3926 2240 3991 confidenter
2285 3928 2513 4011 diligit,

615 4029 901 4112 loquitur
951 4027 1369 4106 confidenter,
1422 4048 1541 4090 nec
1601 4026 1682 4092 de
1740 4029 1877 4112 ejus
1937 4029 2173 4093 affectu
2221 4031 2516 4095 haesitare

618 4133 759 4217 quis
798 4138 1028 4216 potest,
1059 4131 1243 4215 cujus
1285 4131 1534 4194 sincera
1562 4129 1819 4195 dilectio
1850 4153 2109 4196 omnem
2138 4133 2516 4216 suspicionis

554 4220 559 4225 ⁴
616 4235 836 4299 faecem
879 4234 1191 4298 eliminat.
1283 4233 1448 4296 Inde
1493 4240 1612 4311 est,
1659 4234 1809 4316 quia
1851 4255 2069 4317 preces
2115 4243 2356 4303 vestras
2402 4257 2514 4300 ne-

620 4358 771 4420 gare
800 4359 934 4402 non
962 4357 1319 4420 possumuS,
1351 4336 1706 4419 praesertim
1735 4335 1846 4400 ubi
1885 4358 2003 4402 nos
2032 4338 2231 4402 vincit
2270 4338 2516 4401 instan-

620 4441 731 4519 tia,
763 4447 828 4503 et
858 4461 1095 4521 magna
1122 4437 1462 4505 intercedit
1495 4439 1838 4502 auctoritas
1870 4447 1934 4503 et
1965 4440 2239 4504 dilectio.
