3200 5392
560 895 697 939 Aa).
739 876 1133 958 1161—89.]
1230 895 1564 939 nr1s'roLAE
1595 868 1917 946 QUAEDAmss
2268 867 2272 870 ’
2382 880 2467 945 63

561 1013 693 1078 sive
730 1013 1152 1097 metropoleos
1191 1012 1321 1078 sive
1366 1011 1705 1095 legationis
1744 1013 1893 1097 jure
1941 1014 2162 1079 audire
2215 1015 2464 1093 debeat,

561 1115 689 1179 nisi
737 1136 853 1199 per
904 1115 1395 1199 appellationem
1438 1116 1798 1198 perferatur
1842 1114 1927 1181 ad
1968 1117 2201 1201 ipsum.
2294 1119 2465 1185 Sane

560 1218 714 1283 licet
751 1219 917 1283 forte
960 1218 1426 1302 metropolitico
1459 1219 1606 1302 jure
1645 1241 1781 1284 non
1821 1217 2052 1285 debeat
2079 1242 2340 1286 causam
2384 1223 2465 1288 de

563 1321 1030 1404 episcopatibus
1082 1321 1233 1399 suiS,
1287 1322 1414 1385 nisi
1470 1321 1552 1386 ad
1603 1342 1754 1386 eum
1804 1344 1919 1406 per
1969 1325 2465 1407 appellationem

562 1423 902 1502 deferatur,
936 1423 1174 1503 audire,
1205 1424 1544 1508 legationis
1572 1432 1796 1489 tamen
1823 1426 2099 1490 obtentu
2135 1427 2465 1493 universas

561 1548 802 1609 causas,
835 1549 978 1611 quae
1016 1528 1097 1592 de
1132 1527 1285 1611 ipsis
1321 1527 1788 1611 episcopatibus
1826 1549 1941 1611 per
1969 1529 2461 1613 appellationem

560 1629 662 1693 vel
688 1651 803 1713 per
833 1630 1298 1712 querimoniam
1335 1631 1694 1713 aliquorum
1732 1631 2114 1713 perveniunt
2160 1632 2244 1695 ad
2282 1632 2461 1696 audi-

563 1732 805 1797 entiam
856 1753 1055 1810 suam,
1105 1733 1326 1797 audire
1372 1738 1584 1815 potest
1634 1740 1699 1797 et
1751 1733 1963 1811 debet,
2017 1734 2182 1798 sicut
2233 1735 2345 1817 qui
2391 1735 2461 1798 in

560 1835 885 1917 provincia
951 1856 1069 1900 sua
1139 1836 1306 1900 vices
1373 1843 1627 1900 nostras
1701 1857 1921 1919 gerere
1987 1837 2457 1920 comprobatur.

562 1935 957 2001 Mandamus
999 1938 1220 2021 itaque
1248 1939 1426 2002 vobis
1467 1944 1661 2021 atque
1699 1938 2124 2022 praecipimus,
2156 1938 2460 2023 quatinus

562 2059 804 2117 causas,
830 2062 972 2123 quae
995 2039 1074 2103 de
1096 2040 1321 2105 vestris
1343 2041 1811 2124 episcopatibus
1843 2041 1924 2105 ad
1954 2041 2231 2105 eundem
2256 2042 2461 2111 archi-

561 2141 930 2225 episcopum
971 2143 1400 2225 perferuntur,
1443 2145 1578 2227 ejus
1615 2143 1858 2226 judicio
1899 2145 2299 2227 relinquatiS,
2340 2165 2461 2209 nec

560 2241 929 2326 quemlibet
958 2244 1262 2308 clericum
1306 2244 1409 2308 vel
1447 2244 1687 2308 laicum
1735 2253 1961 2308 vestrae
1997 2244 2461 2329 jurisdictionis

560 2345 896 2410 detrahere
952 2347 1055 2411 vel
1109 2347 1422 2430 impedire
1479 2347 1765 2425 tentetiS,
1828 2346 2170 2429 quominus
2239 2367 2461 2410 causas

560 2471 707 2514 suas
747 2450 829 2514 ad
861 2450 1201 2533 praefatum
1241 2448 1805 2534 archiepiscopum,
1848 2448 1903 2511 si
1937 2447 2229 2528 voluerit,
2259 2449 2461 2532 possit

557 2555 924 2620 transferre.

660 2857 1103 2922 EPISTOLA
1147 2856 1854 2920 comm—mmmm
1885 2874 1980 2918 An
2013 2874 2359 2918 CANTUAR.

998 2980 1314 3025 Aacfflnr.
1350 2980 1434 3023 m·
1466 2977 2013 3022 sUFFRAeANEoS.

561 3111 916 3176 Alemander
940 3131 1118 3193 papa
1146 3110 1260 3173 III
1286 3109 1721 3173 cantuariensi
1751 3108 2209 3188 archiepiscopo
2238 3111 2299 3169 et
2327 3106 2457 3187 eius

556 3256 563 3261 >
619 3215 1052 3297 affraqaneis,
1081 3215 1342 3276 salutem
1370 3217 1432 3276 et
1458 3213 1859 3293 apostolicam
1889 3210 2379 3277 benedictionem.

642 3364 749 3427 Ex
779 3363 1017 3428 crebris
1049 3362 1459 3446 querimoniis
1488 3360 1882 3436 clericorum,
1915 3360 2027 3441 qui
2055 3357 2135 3420 de
2164 3357 2454 3440 partibus

554 3468 780 3545 vestris
825 3465 907 3530 ad
950 3464 1358 3549 praesentiam
1402 3468 1690 3529 nostram
1720 3461 2055 3539 accedunt,
2087 3460 2240 3523 satis
2269 3458 2455 3522 nobis

552 3571 884 3638 evidenter
923 3569 1233 3648 innotuit,
1267 3568 1439 3652 quod
1478 3566 1809 3631 interdum
1853 3562 2310 3629 decedentibus
2354 3583 2454 3627 ec-

554 3675 892 3739 clesiarum
934 3672 1241 3757 personis,
1279 3671 1664 3756 quandoque
1706 3668 1842 3747 filii,
1875 3666 2260 3753 quandoque
2304 3686 2455 3732 con-

553 3777 894 3860 sanguinei
933 3797 1354 3860 personarum
1393 3775 1699 3858 ipsarum,
1730 3770 2114 3854 quandoque
2154 3768 2281 3848 alii,
2312 3768 2455 3833 abs-

550 3903 679 3964 que
708 3881 1101 3946 con-cientia
1128 3887 1194 3945 et
1223 3899 1542 3945 consensu
1569 3874 1936 3941 dioecesiani
1967 3872 2262 3957 episcopi,
2288 3893 2357 3939 se
2383 3872 2456 3941 in

554 3983 891 4066 praedictas
921 3982 1216 4046 ecclesias
1244 3980 1575 4044 intrudere
1604 4000 1740 4042 non
1769 3983 2090 4055 verentur,
2122 3982 2189 4040 et
2223 3996 2454 4040 earun-

552 4086 706 4151 dem
748 4086 1159 4152 ecclesiarum
1200 4085 1407 4149 claves
1449 4082 1786 4165 arripiunt,
1818 4086 1885 4144 et
1926 4086 2003 4143 ut
2047 4078 2352 4144 ecclesias
2389 4084 2454 4142 et

556 4210 780 4255 earum
816 4189 989 4254 bona
1026 4189 1360 4253 detineant
1398 4191 1725 4268 occupata,
1755 4184 1827 4247 in
1865 4204 2085 4247 vocem
2124 4179 2454 4264 appellati-

553 4293 699 4356 onis
743 4297 1191 4376 prorumpunt.
1283 4289 1610 4356 Quoniam
1654 4285 1856 4369 igitur
1899 4285 1970 4349 id
2011 4284 2310 4366 iniquum
2358 4285 2456 4347 est

555 4404 621 4461 et
655 4397 916 4480 penitus
945 4392 1317 4473 absurdum,
1346 4414 1465 4458 nos
1493 4398 1697 4458 tantae
1723 4389 2055 4474 iniquitati
2083 4393 2151 4451 et
2179 4383 2454 4449 enormi-

554 4501 678 4566 tati
735 4496 1038 4585 pastorali
1088 4499 1373 4564 volentes
1423 4495 1934 4562 consideratione
1985 4508 2336 4568 occurrere,
2389 4491 2457 4551 et
