3200 5392
592 945 722 988 A.n.
760 923 1153 1005 1161—89.]
1254 942 1588 985 Erls‘romn
1621 941 1946 991 QUAEDAM.
2367 924 2487 986 121

585 1081 705 1143 pus
764 1058 844 1123 de
903 1058 1143 1141 Anglia
1200 1056 1634 1139 egrederetur.
1727 1055 1989 1120 Clericis
2048 1061 2360 1138 praeterea
2424 1064 2490 1120 et

478 1191 486 1199 ·
586 1162 766 1226 laicis
800 1161 1134 1244 utriusque
1175 1181 1382 1237 sexus,
1412 1180 1636 1241 pacem
1668 1163 1944 1222 vestram
1985 1164 2052 1222 et
2092 1158 2385 1240 gratiam,
2425 1167 2492 1222 et

587 1265 1012 1348 possessiones
1064 1283 1218 1325 suas
1269 1261 1645 1346 restituetiS,
1697 1261 1809 1343 qui
1864 1261 2195 1325 occasione
2245 1282 2493 1343 praeno-

587 1367 820 1430 minati
870 1365 1325 1448 archiepiscopi
1376 1363 1675 1427 destituti
1724 1363 1988 1426 fuerint.
2083 1362 2227 1428 Hoc
2275 1370 2492 1427 autem

590 1468 767 1541 vobis
811 1467 1190 1533 auctoritate
1238 1466 1484 1530 domini
1526 1487 1708 1549 papae
1752 1465 1821 1528 in
1872 1466 2312 1531 remissionem
2358 1488 2494 1531 om-

590 1572 775 1635 nium
815 1577 1224 1654 peccatorum
1254 1576 1613 1633 vestrorum
1651 1568 2071 1652 injungimus,
2105 1575 2170 1632 et
2212 1570 2495 1651 praecipi-

593 1697 737 1738 mus
777 1674 1110 1738 observare
1157 1674 1327 1737 bona
1364 1671 1491 1736 fide
1531 1672 1773 1755 absque
1810 1671 2036 1735 fraude
2082 1679 2148 1735 et
2184 1672 2354 1737 malo
2396 1672 2496 1736 in-

597 1798 804 1860 gemo.

685 2067 726 2128 J
729 2065 937 2129 uravit
967 2066 1089 2128 hoc
1111 2085 1242 2142 rex,
1266 2063 1507 2147 juravit
1532 2071 1596 2127 et
1621 2062 1701 2126 de
1724 2062 2295 2127 consuetudinibus
2320 2066 2499 2129 novis

601 2166 1001 2232 dimittendis
1044 2165 1216 2228 filius
1262 2166 1435 2248 ejus:
1482 2171 1549 2229 et
1585 2165 1967 2247 juraverunt
2013 2164 2203 2231 ambo
2249 2167 2419 2249 quod
2464 2190 2503 2232 a

599 2269 777 2335 vobis
817 2276 883 2333 et
924 2268 1393 2333 successoribus
1423 2268 1648 2331 vestris
1689 2288 1824 2331 non
1857 2267 2248 2356 recederent,
2280 2290 2502 2350 quam-

603 2374 718 2437 diu
739 2394 846 2437 eos
869 2372 1035 2437 sicut
1055 2370 1451 2435 Christianos
1468 2390 1653 2453 reges
1677 2376 1743 2434 et
1764 2369 2108 2434 catholicos
2128 2369 2503 2435 habueritis.

649 2642 1090 2707 EPISTOLA
1134 2640 2143 2706 CCCLXXXV1.—nonunnm
2176 2662 2265 2703 An
2300 2660 2459 2703 coN·

1182 2761 1468 2804 venum
1502 2760 1931 2803 CANTUARIAE.

775 2876 1070 2939 Albertus
1100 2881 1160 2939 et
1195 2876 1597 2939 Theodwinus
1626 2875 1976 2938 cardinales
2006 2877 2325 2939 conventui

1371 2978 1741 3043 Cantuariae.

690 3112 1046 3176 metm
1091 3134 1227 3190 nos,
1267 3113 1525 3177 laetatur
1563 3120 1631 3177 et
1680 3134 1821 3196 quae
1867 3113 2048 3177 audit
2092 3114 2505 3197 congregatio

603 3214 901 3277 universa
941 3215 1286 3297 justorum,
1336 3215 1509 3296 quod
1560 3223 1837 3280 mortem
1882 3223 2122 3280 sanctae
2180 3218 2505 3281 memoriae

608 3315 891 3394 Thomae,
953 3314 1278 3396 quondam
1337 3314 1793 3398 archiepiscopi
1839 3317 2033 3379 vestri
2090 3318 2183 3380 ita
2232 3319 2304 3379 in
2355 3339 2505 3381 con-

474 3429 493 3436 ’
610 3423 834 3500 spectu
878 3437 994 3480 suo
1035 3416 1213 3480 Deus
1256 3416 1600 3499 pretiosam
1641 3415 1943 3495 ostendit,
1974 3425 2041 3481 et
2075 3419 2506 3482 venerandam

610 3521 750 3605 ejus
780 3518 1155 3584 memoriam
1194 3526 1294 3583 tot
1340 3519 1664 3583 miraculis
1702 3519 2065 3598 illustravit,
2097 3527 2172 3584 ut
2202 3519 2360 3583 odor
2387 3541 2508 3583 un-

610 3629 1002 3706 guentorum
1030 3621 1229 3705 ipsius
1251 3622 1391 3706 jam
1418 3621 1551 3686 fere
1580 3642 1695 3705 per
1723 3629 1938 3685 totum
1973 3643 2201 3705 corpus
2231 3622 2510 3685 ecclesiae

563 3788 568 3792 .
610 3747 677 3789 se
725 3725 1066 3803 diffundat,
1109 3730 1175 3788 et
1215 3725 1415 3789 virtus
1463 3725 1602 3809 ejus
1650 3724 1719 3788 in
1771 3724 2018 3789 oriente
2064 3731 2130 3788 et
2182 3724 2510 3789 occidente

610 3827 1040 3891 communiter
1083 3827 1484 3911 praedicetur.
1575 3827 1684 3891 Ita
1727 3834 1805 3891 ut
1853 3827 1963 3910 qui
2004 3826 2297 3891 felicibus
2339 3828 2512 3891 illius

611 3930 880 4008 actibus,
927 3929 1085 3993 dum
1128 3930 1384 4009 viveret,
1429 3929 1823 4009 invidebant,
1870 3951 2047 3994 nunc
2094 3930 2345 3995 casibus
2392 3932 2511 3995 hu-

613 4032 821 4095 manis
860 4053 937 4096 eo
967 4039 1283 4116 exempto,
1316 4039 1381 4096 et
1426 4032 1508 4095 ad
1547 4053 1973 4116 supernorum
2019 4033 2407 4111 societatem,
2437 4041 2514 4098 ut

616 4134 954 4212 credimus,
985 4134 1111 4199 fide
1155 4155 1229 4198 ac
1273 4134 1409 4198 zelo
1448 4134 1825 4199 sacerdotali
1852 4142 2258 4218 promerente
2302 4143 2510 4200 trans-

614 4236 768 4314 lato,
798 4242 1182 4300 venerentur
1210 4236 1517 4301 virtutem
1546 4237 1765 4320 ipsius,
1799 4244 1866 4301 et
1902 4238 1962 4301 ei
1993 4238 2103 4320 qui
2131 4238 2286 4301 facit
2326 4237 2515 4300 mira-

616 4336 773 4401 bilia
801 4358 1039 4420 magna
1067 4338 1260 4416 solus,
1291 4339 1647 4421 gratiarum
1674 4340 1957 4404 referant
1987 4340 2289 4403 actiones.
2345 4336 2516 4403 Quia

619 4440 821 4523 igitur
848 4439 1100 4504 videtur
1126 4439 1450 4520 idoneum,
1473 4450 1550 4507 ut
1580 4464 1781 4526 quum
1810 4441 2150 4525 magnalia,
2176 4461 2320 4522 quae
2348 4440 2519 4504 facta

622 4553 775 4610 sunt
819 4545 990 4630 apud
1034 4567 1162 4626 vos,
1214 4548 1596 4631 populorum
1647 4548 1841 4613 turba
1886 4549 2204 4624 decantet,
2254 4554 2321 4611 et
2373 4568 2515 4630 gra-
