3200 5392
708 807 839 872 210
1426 822 1896 866 Eriscoroauu

706 942 866 1025 Agit
914 939 1084 1023 apud
1130 958 1238 1002 vos
1286 946 1513 1001 contra
1560 959 1712 1002 eum
1763 946 2102 1023 tyrannus,
2149 937 2431 1004 ecclesiae
2474 959 2617 1023 per-

707 1049 1015 1128 sequutor
1057 1040 1457 1119 manifestus,
1501 1041 1705 1106 hostis
1744 1041 1931 1123 regni
1975 1040 2393 1120 Francorum,
2434 1042 2620 1126 cujus

707 1146 1015 1229 iniquitas
1067 1142 1370 1209 omnibus
1423 1151 1580 1207 nota
1627 1151 1745 1221 est,
1795 1151 1861 1206 et
1914 1149 2139 1207 tamen
2186 1143 2360 1227 quod
2412 1144 2621 1207 dicere

708 1247 1120 1325 verecundor,
1170 1254 1235 1310 et
1296 1246 1481 1309 doleo
1533 1245 1855 1324 accidisse,
1916 1246 2251 1329 praevaluit
2308 1246 2620 1311 hactenus

708 1352 779 1416 in
833 1351 1080 1415 malitia
1130 1357 1197 1413 et
1257 1348 1542 1413 vanitate
1594 1368 1730 1412 sua.
1824 1347 2161 1431 Siquidem
2212 1370 2420 1432 nuper
2471 1370 2620 1412 cum

709 1454 794 1518 ad
868 1452 1254 1536 colloquium
1317 1449 1853 1515 christianissimi
1910 1450 2083 1534 regis
2142 1450 2492 1526 accederet,
2554 1458 2620 1514 et

710 1576 827 1641 per
869 1555 1172 1619 comitem
1217 1551 1700 1629 Flandrensem,
1734 1552 1844 1635 qui
1887 1552 2042 1616 illuc
2087 1551 2416 1615 dominum
2449 1550 2619 1614 can-

712 1657 1106 1723 tuariensem
1165 1661 1469 1731 traxerat,
1524 1654 1603 1716 de
1663 1674 1820 1737 pace
1879 1654 2157 1717 ecclesiae
2211 1652 2621 1717 reformanda

711 1759 1180 1834 sollicitaretur,
1219 1755 1439 1847 literas
1480 1753 1858 1838 apostolicas
1897 1755 1970 1819 in
2011 1754 2339 1818 audientia
2378 1754 2617 1837 episco-

709 1882 939 1947 porum
974 1879 1255 1936 suorum,
1288 1865 1354 1922 et
1394 1877 1729 1941 procerum
1767 1856 1900 1940 legi
1937 1857 2111 1935 fecit,
2143 1856 2370 1940 quibus
2411 1863 2618 1921 statu-

713 1965 962 2041 ebatur,
994 1982 1078 2025 ne
1118 1960 1421 2045 praefatus
1451 1959 1939 2023 cantuariensis
1978 1960 2049 2023 in
2089 1960 2300 2044 ipsum
2341 1968 2454 2024 aut
2496 1965 2625 2023 ter-

711 2088 850 2131 ram
893 2085 1073 2129 suam
1118 2063 1506 2128 sententiam
1548 2062 1715 2126 ferre
1755 2062 1976 2145 possit,
2020 2069 2133 2126 aut
2180 2061 2436 2146 aliquod
2482 2083 2623 2145 gra-

712 2189 941 2234 vamen
995 2166 1185 2231 alicui
1236 2185 1525 2249 personae
1586 2163 1667 2229 de
1725 2171 1900 2227 terra
1949 2185 2067 2228 sua
2117 2164 2371 2244 inferre,
2421 2164 2625 2229 donec

712 2272 935 2336 redeat
985 2270 1085 2332 in·
1110 2268 1384 2352 gratiam
1439 2268 1595 2350 ejus.
1689 2266 1839 2333 Quo
1887 2265 2108 2330 audito
2156 2267 2624 2332 Christianissi-

713 2394 860 2437 mus
904 2392 1016 2434 rex
1060 2369 1364 2435 confusus
1410 2377 1528 2446 est,
1570 2376 1637 2433 et
1682 2374 1893 2433 totum
1912 2376 1917 2379 “
1938 2389 2235 2453 regnum,
2278 2389 2624 2452 omnesque

713 2473 831 2539 filii
889 2472 1169 2536 ecclesiae
1232 2472 1580 2535 doluerunt
1640 2471 1852 2535 virum
1904 2472 2180 2555 justum,
2255 2471 2624 2555 pontificem

712 2572 1138 2639 reverendum
1198 2573 1338 2636 sine
1388 2593 1584 2636 causa
1637 2573 1963 2656 suspendi,
2016 2582 2083 2638 et
2141 2574 2221 2638 ab
2283 2573 2628 2657 apostolica

715 2676 864 2740 sede
917 2695 1209 2739 manasse
1260 2675 1573 2758 scriptum
1633 2681 1771 2739 tam
1829 2676 2258 2758 perniciosum
2316 2676 2625 2760 exemplo.

715 2780 913 2843 Anno
955 2779 1280 2859 praeterito
1312 2777 1353 2841 J
1356 2797 1600 2842 oannes
1646 2778 1726 2840 de
1772 2777 2138 2843 Oxeneford
2183 2779 2629 2862 gravissimum

715 2880 976 2966 quidem
1010 2879 1384 2945 scandalum
1416 2879 1737 2957 excitavit,
1770 2880 1881 2943 sed
1913 2880 2076 2944 illud
2104 2880 2267 2945 nihil
2308 2880 2390 2944 ad
2429 2880 2625 2943 istud.

719 2981 1062 3046 Sententia
1100 2981 1345 3044 domini
1385 2982 1553 3064 regis
1594 2989 1712 3059 est,
1747 2983 1919 3064 quod
1960 2982 2015 3046 si
2051 3002 2268 3065 preces
2309 2982 2449 3066 ejus
2488 2981 2627 3045 nol-

715 3084 862 3148 letis
909 3083 1148 3161 audire,
1197 3105 1390 3148 causa
1434 3083 1559 3147 Dei
1608 3105 1742 3147 non
1791 3084 1881 3147 sic
1930 3083 2141 3148 fuerat
2189 3084 2628 3168 opprimenda,

714 3206 837 3251 nec
881 3193 1066 3250 erant
1112 3184 1326 3250 danda
1371 3185 1649 3262 duriora,
1698 3185 1931 3268 quibus
1983 3186 2317 3250 ecclesiam
2364 3188 2629 3252 ventila-

716 3294 838 3366 ret,
870 3308 1112 3355 cornua
1151 3287 1509 3371 peccatori:
1556 3307 1691 3350 non
1734 3294 1871 3351 erat
1917 3287 2230 3352 innocens
2274 3289 2343 3351 in
2390 3310 2629 3366 mensa,

714 3393 916 3456 immo
955 3392 1128 3456 inter
1166 3411 1400 3455 manus
1440 3390 1611 3471 regis
1641 3380 2177 3455 Christianissimi
2209 3391 2627 3474 jugulandus.

718 3496 805 3559 Et
838 3495 1007 3578 quod
1047 3504 1183 3558 tam
1222 3493 1391 3575 regis
1424 3513 1620 3575 quam
1649 3499 2016 3556 nostratum
2049 3494 2335 3557 omnium
2377 3499 2628 3556 mentes

717 3597 921 3678 magis
966 3596 1311 3670 exulcerat,
1359 3594 1739 3658 efficaciores
1786 3594 2095 3658 dicuntur
2136 3594 2331 3657 fuisse
2374 3594 2630 3677 injuriae

713 3708 783 3763 et
829 3698 1358 3763 comminationes
1398 3698 1785 3780 Anglorum,
1819 3720 2013 3782 quam
2061 3699 2452 3763 Francorum
2499 3698 2630 3759 sin-

711 3822 864 3864 cera
891 3800 1068 3879 fides,
1103 3799 1353 3864 devotio
1383 3799 1656 3878 fervens,
1688 3807 1754 3864 et
1790 3801 1950 3884 juge
1981 3801 2381 3887 obsequium.
2473 3800 2631 3863 Pro-

718 3903 1054 3981 miseratis,
1113 3909 1316 3986 pater,
1367 3902 1422 3965 si
1480 3902 1811 3967 reminisci
1868 3902 2100 3986 placet,
2155 3903 2417 3969 domino
2474 3902 2632 3985 regi,

718 4005 910 4070 toties
967 4025 1085 4088 pro
1143 4004 1405 4070 domino
1459 4005 1930 4089 archiepiscopo
1978 4005 2434 4070 cantuariensi
2486 4027 2633 4088 sup-

718 4107 1004 4195 plicanti,
1038 4107 1209 4192 quod
1254 4109 1314 4170 ei
1351 4107 1677 4192 justitiam
1725 4107 2132 4186 exhiberetis,
2171 4116 2238 4172 et
2285 4107 2459 4191 quod
2502 4129 2634 4171 me-

717 4212 1040 4276 moratum
1071 4211 1276 4274 filium
1318 4217 1602 4273 vestrum
1643 4230 1863 4292 regem
1902 4210 2357 4289 laetificaverat,
2399 4229 2633 4292 praece-

717 4314 977 4394 peratis,
1038 4320 1114 4377 ut
1184 4311 1658 4398 archiepiscopo
1718 4311 2284 4395 comprovinciales
2357 4310 2636 4396 episcopi

715 4414 1155 4495 obedientiam
1194 4413 1590 4478 exhiberent.
1680 4413 1882 4479 Nunc
1922 4400 2161 4495 autem,
2196 4413 2369 4507 quod
2412 4432 2633 4499 regem
