<?xml version="1.0" encoding="UTF-8"?>
<!DOCTYPE html PUBLIC "-//W3C//DTD XHTML 1.0 Transitional//EN"
    "http://www.w3.org/TR/xhtml1/DTD/xhtml1-transitional.dtd">
<html xmlns="http://www.w3.org/1999/xhtml" xml:lang="en" lang="en">
 <head>
  <title>
</title>
<meta http-equiv="Content-Type" content="text/html;charset=utf-8" />
  <meta name='ocr-system' content='tesseract 3.04.00' />
  <meta name='ocr-capabilities' content='ocr_page ocr_carea ocr_par ocr_line ocrx_word'/>
</head>
<body>
  <div class='ocr_page' id='page_1' title='image "./gilbertiexabbat01gilegoog_0279.png"; bbox 0 0 3200 5392; ppageno 0'>
   <div class='ocr_carea' id='block_1_1' title="bbox 579 833 2491 919">
    <p class='ocr_par' dir='ltr' id='par_1_1' title="bbox 579 833 2491 919">
     <span class='ocr_line' id='line_1_1' title="bbox 579 833 2491 919; baseline 0.003 -24"><span class='ocrx_word' id='word_1_1' title='bbox 579 851 716 897; x_wconf 66' lang='lat' dir='ltr'><strong>Aa).</strong></span> <span class='ocrx_word' id='word_1_2' title='bbox 756 833 1147 916; x_wconf 78' lang='grc'>1161-89,]</span> <span class='ocrx_word' id='word_1_3' title='bbox 1246 851 1580 919; x_wconf 73' lang='lat' dir='ltr'><strong>Ens&#39;ronAE</strong></span> <span class='ocrx_word' id='word_1_4' title='bbox 1613 852 1931 903; x_wconf 78' lang='lat' dir='ltr'><strong>QUAEDAM.</strong></span> <span class='ocrx_word' id='word_1_5' title='bbox 2364 836 2491 901; x_wconf 84' lang='lat'><strong>263</strong></span> 
     </span>
    </p>
   </div>
   <div class='ocr_carea' id='block_1_2' title="bbox 608 1176 2464 1365">
    <p class='ocr_par' dir='ltr' id='par_1_2' title="bbox 608 1176 2464 1365">
     <span class='ocr_line' id='line_1_2' title="bbox 608 1176 2464 1246; baseline 0.002 -5"><span class='ocrx_word' id='word_1_6' title='bbox 608 1177 1050 1244; x_wconf 82' lang='lat' dir='ltr'>EPISTOLA</span> <span class='ocrx_word' id='word_1_7' title='bbox 1093 1176 1932 1244; x_wconf 67' lang='lat' dir='ltr'><strong>OCCCLXX.-soom,m1</strong></span> <span class='ocrx_word' id='word_1_8' title='bbox 1966 1200 2464 1246; x_wconf 61' lang='lat' dir='ltr'><strong>saansnnmnnz</strong></span> 
     </span>
     <span class='ocr_line' id='line_1_3' title="bbox 1075 1301 1999 1365; baseline 0.002 -20"><span class='ocrx_word' id='word_1_9' title='bbox 1075 1302 1170 1345; x_wconf 85' lang='lat' dir='ltr'><strong>s1s</strong></span> <span class='ocrx_word' id='word_1_10' title='bbox 1199 1302 1292 1345; x_wconf 75' lang='lat' dir='ltr'><strong>An</strong></span> <span class='ocrx_word' id='word_1_11' title='bbox 1323 1302 1623 1345; x_wconf 75' lang='lat' dir='ltr'><strong>rnoMAM</strong></span> <span class='ocrx_word' id='word_1_12' title='bbox 1657 1301 1999 1365; x_wconf 75' lang='lat' dir='ltr'><strong>cANwAa.</strong></span> 
     </span>
    </p>
   </div>
   <div class='ocr_carea' id='block_1_3' title="bbox 583 1431 2485 1618">
    <p class='ocr_par' dir='ltr' id='par_1_3' title="bbox 583 1431 2485 1618">
     <span class='ocr_line' id='line_1_4' title="bbox 583 1431 2485 1515; baseline 0.003 -20"><span class='ocrx_word' id='word_1_13' title='bbox 583 1431 822 1495; x_wconf 63' lang='lat' dir='ltr'><strong>Thomae</strong></span> <span class='ocrx_word' id='word_1_14' title='bbox 861 1433 1299 1497; x_wconf 79' lang='lat' dir='ltr'><strong>Cantuariensi</strong></span> <span class='ocrx_word' id='word_1_15' title='bbox 1344 1434 1801 1515; x_wconf 74' lang='lat' dir='ltr'><em>archiepiscopo</em></span> <span class='ocrx_word' id='word_1_16' title='bbox 1839 1435 2154 1498; x_wconf 70' lang='lat' dir='ltr'><strong>Jocelinus</strong></span> <span class='ocrx_word' id='word_1_17' title='bbox 2193 1436 2485 1500; x_wconf 79' lang='lat' dir='ltr'><strong>Saresbe-</strong></span> 
     </span>
     <span class='ocr_line' id='line_1_5' title="bbox 1234 1537 1826 1618; baseline 0.003 -18"><span class='ocrx_word' id='word_1_18' title='bbox 1234 1537 1460 1600; x_wconf 56' lang='lat' dir='ltr'><strong>vien-sis</strong></span> <span class='ocrx_word' id='word_1_19' title='bbox 1488 1537 1826 1618; x_wconf 77' lang='lat' dir='ltr'><strong>episcopus.</strong></span> 
     </span>
    </p>
   </div>
   <div class='ocr_carea' id='block_1_4' title="bbox 560 1684 2526 3313">
    <p class='ocr_par' dir='ltr' id='par_1_4' title="bbox 560 1684 2526 3313">
     <span class='ocr_line' id='line_1_6' title="bbox 660 1684 2486 1772; baseline 0.003 -24"><span class='ocrx_word' id='word_1_20' title='bbox 660 1684 975 1751; x_wconf 69' lang='lat' dir='ltr'><strong>Vnum-us</strong></span> <span class='ocrx_word' id='word_1_21' title='bbox 1020 1686 1104 1750; x_wconf 88' lang='lat' dir='ltr'><strong>ad</strong></span> <span class='ocrx_word' id='word_1_22' title='bbox 1145 1707 1266 1752; x_wconf 89' lang='lat' dir='ltr'><strong>nos</strong></span> <span class='ocrx_word' id='word_1_23' title='bbox 1307 1687 1666 1752; x_wconf 88' lang='lat' dir='ltr'><strong>monachus</strong></span> <span class='ocrx_word' id='word_1_24' title='bbox 1697 1686 1960 1770; x_wconf 88' lang='lat' dir='ltr'><strong>quidam</strong></span> <span class='ocrx_word' id='word_1_25' title='bbox 2004 1708 2084 1753; x_wconf 83' lang='lat' dir='ltr'><strong>ex</strong></span> <span class='ocrx_word' id='word_1_26' title='bbox 2125 1693 2312 1772; x_wconf 89' lang='lat' dir='ltr'><strong>parte</strong></span> <span class='ocrx_word' id='word_1_27' title='bbox 2345 1710 2486 1754; x_wconf 86' lang='lat' dir='ltr'><strong>ves-</strong></span> 
     </span>
     <span class='ocr_line' id='line_1_7' title="bbox 571 1788 2488 1876; baseline 0.003 -25"><span class='ocrx_word' id='word_1_28' title='bbox 571 1792 695 1866; x_wconf 86' lang='lat' dir='ltr'><strong>tra,</strong></span> <span class='ocrx_word' id='word_1_29' title='bbox 724 1793 803 1852; x_wconf 88' lang='lat' dir='ltr'><strong>ut</strong></span> <span class='ocrx_word' id='word_1_30' title='bbox 847 1788 1189 1868; x_wconf 78' lang='lat' dir='ltr'><strong>asserebat,</strong></span> <span class='ocrx_word' id='word_1_31' title='bbox 1227 1811 1344 1853; x_wconf 89' lang='lat' dir='ltr'><strong>sua</strong></span> <span class='ocrx_word' id='word_1_32' title='bbox 1381 1788 1568 1854; x_wconf 88' lang='lat' dir='ltr'><strong>nobis</strong></span> <span class='ocrx_word' id='word_1_33' title='bbox 1606 1789 1920 1855; x_wconf 79' lang='lat' dir='ltr'>relatione</span> <span class='ocrx_word' id='word_1_34' title='bbox 1956 1791 2283 1870; x_wconf 89' lang='lat' dir='ltr'><strong>indicavit,</strong></span> <span class='ocrx_word' id='word_1_35' title='bbox 2316 1792 2488 1876; x_wconf 88' lang='lat' dir='ltr'><strong>quod</strong></span> 
     </span>
     <span class='ocr_line' id='line_1_8' title="bbox 570 1890 2487 1976; baseline 0.003 -22"><span class='ocrx_word' id='word_1_36' title='bbox 570 1898 784 1954; x_wconf 87' lang='lat' dir='ltr'><strong>vestra</strong></span> <span class='ocrx_word' id='word_1_37' title='bbox 818 1890 1188 1955; x_wconf 71' lang='lat' dir='ltr'><strong>‘sublimitas</strong></span> <span class='ocrx_word' id='word_1_38' title='bbox 1217 1912 1336 1956; x_wconf 89' lang='lat' dir='ltr'><strong>nos</strong></span> <span class='ocrx_word' id='word_1_39' title='bbox 1368 1892 1739 1974; x_wconf 84' lang='lat' dir='ltr'><strong>gravissime</strong></span> <span class='ocrx_word' id='word_1_40' title='bbox 1770 1893 2082 1976; x_wconf 86' lang='lat' dir='ltr'><strong>arguebat</strong></span> <span class='ocrx_word' id='word_1_41' title='bbox 2115 1895 2195 1958; x_wconf 88' lang='lat' dir='ltr'><strong>de</strong></span> <span class='ocrx_word' id='word_1_42' title='bbox 2226 1896 2487 1960; x_wconf 81' lang='lat' dir='ltr'><strong>Joanne</strong></span> 
     </span>
     <span class='ocr_line' id='line_1_9' title="bbox 573 1993 2486 2080; baseline 0.003 -24"><span class='ocrx_word' id='word_1_43' title='bbox 573 1993 655 2057; x_wconf 90' lang='lat' dir='ltr'><strong>de</strong></span> <span class='ocrx_word' id='word_1_44' title='bbox 685 1994 1073 2073; x_wconf 79' lang='lat' dir='ltr'>oxeneford,</span> <span class='ocrx_word' id='word_1_45' title='bbox 1103 1994 1334 2059; x_wconf 89' lang='lat' dir='ltr'><strong>clerico</strong></span> <span class='ocrx_word' id='word_1_46' title='bbox 1364 2001 1430 2059; x_wconf 92' lang='lat' dir='ltr'><strong>et</strong></span> <span class='ocrx_word' id='word_1_47' title='bbox 1460 1994 1636 2058; x_wconf 88' lang='lat' dir='ltr'><strong>fideli</strong></span> <span class='ocrx_word' id='word_1_48' title='bbox 1666 1995 1913 2059; x_wconf 86' lang='lat' dir='ltr'><strong>domini</strong></span> <span class='ocrx_word' id='word_1_49' title='bbox 1951 1998 2158 2060; x_wconf 85' lang='lat' dir='ltr'><strong>nostri</strong></span> <span class='ocrx_word' id='word_1_50' title='bbox 2193 1998 2384 2080; x_wconf 87' lang='lat' dir='ltr'><strong>regis,</strong></span> <span class='ocrx_word' id='word_1_51' title='bbox 2414 1998 2486 2062; x_wconf 90' lang='grc'><strong>111</strong></span> 
     </span>
     <span class='ocr_line' id='line_1_10' title="bbox 570 2095 2485 2183; baseline 0.002 -24"><span class='ocrx_word' id='word_1_52' title='bbox 570 2095 959 2159; x_wconf 88' lang='lat' dir='ltr'><strong>decanatum</strong></span> <span class='ocrx_word' id='word_1_53' title='bbox 1020 2096 1571 2161; x_wconf 73' lang='lat' dir='ltr'><strong>saresberiensem</strong></span> <span class='ocrx_word' id='word_1_54' title='bbox 1623 2097 1921 2176; x_wconf 83' lang='lat' dir='ltr'><strong>admiss0,</strong></span> <span class='ocrx_word' id='word_1_55' title='bbox 1978 2119 2173 2181; x_wconf 89' lang='lat' dir='ltr'><strong>quem</strong></span> <span class='ocrx_word' id='word_1_56' title='bbox 2224 2100 2485 2183; x_wconf 89' lang='lat' dir='ltr'><strong>quidem</strong></span> 
     </span>
     <span class='ocr_line' id='line_1_11' title="bbox 569 2199 2487 2286; baseline 0.003 -24"><span class='ocrx_word' id='word_1_57' title='bbox 569 2199 901 2264; x_wconf 90' lang='lat' dir='ltr'><strong>communi</strong></span> <span class='ocrx_word' id='word_1_58' title='bbox 955 2205 1104 2265; x_wconf 87' lang='lat' dir='ltr'><strong>voto</strong></span> <span class='ocrx_word' id='word_1_59' title='bbox 1156 2206 1223 2264; x_wconf 91' lang='lat' dir='ltr'><strong>et</strong></span> <span class='ocrx_word' id='word_1_60' title='bbox 1271 2200 1570 2264; x_wconf 87' lang='lat' dir='ltr'><strong>unanimi</strong></span> <span class='ocrx_word' id='word_1_61' title='bbox 1628 2220 1896 2265; x_wconf 90' lang='lat' dir='ltr'><strong>assensu</strong></span> <span class='ocrx_word' id='word_1_62' title='bbox 1953 2201 2222 2286; x_wconf 88' lang='lat' dir='ltr'><strong>capituli</strong></span> <span class='ocrx_word' id='word_1_63' title='bbox 2277 2202 2487 2267; x_wconf 81' lang='lat' dir='ltr'><strong>nostri</strong></span> 
     </span>
     <span class='ocr_line' id='line_1_12' title="bbox 566 2302 2482 2387; baseline 0.001 -21"><span class='ocrx_word' id='word_1_64' title='bbox 566 2302 875 2368; x_wconf 88' lang='lat' dir='ltr'><strong>canonice</strong></span> <span class='ocrx_word' id='word_1_65' title='bbox 934 2303 1211 2368; x_wconf 90' lang='lat' dir='ltr'><strong>electum</strong></span> <span class='ocrx_word' id='word_1_66' title='bbox 1271 2303 1686 2387; x_wconf 86' lang='lat' dir='ltr'><strong>suscepimus,</strong></span> <span class='ocrx_word' id='word_1_67' title='bbox 1740 2309 1807 2368; x_wconf 88' lang='lat' dir='ltr'><strong>et</strong></span> <span class='ocrx_word' id='word_1_68' title='bbox 1858 2303 2215 2367; x_wconf 87' lang='lat' dir='ltr'><strong>secundum</strong></span> <span class='ocrx_word' id='word_1_69' title='bbox 2262 2304 2482 2369; x_wconf 90' lang='lat' dir='ltr'><strong>Deum</strong></span> 
     </span>
     <span class='ocr_line' id='line_1_13' title="bbox 566 2406 2480 2491; baseline 0.002 -21"><span class='ocrx_word' id='word_1_70' title='bbox 566 2412 632 2471; x_wconf 87' lang='lat' dir='ltr'><strong>et</strong></span> <span class='ocrx_word' id='word_1_71' title='bbox 666 2407 860 2491; x_wconf 86' lang='lat' dir='ltr'><strong>juxta</strong></span> <span class='ocrx_word' id='word_1_72' title='bbox 902 2407 1439 2472; x_wconf 81' lang='lat' dir='ltr'><strong>consuetudinem</strong></span> <span class='ocrx_word' id='word_1_73' title='bbox 1481 2406 1766 2472; x_wconf 79' lang='lat' dir='ltr'><strong>ecclesiae</strong></span> <span class='ocrx_word' id='word_1_74' title='bbox 1810 2406 2350 2487; x_wconf 86' lang='lat' dir='ltr'><strong>confirmavimus,</strong></span> <span class='ocrx_word' id='word_1_75' title='bbox 2384 2415 2480 2473; x_wconf 88' lang='lat' dir='ltr'><strong>at-</strong></span> 
     </span>
     <span class='ocr_line' id='line_1_14' title="bbox 564 2509 2479 2596; baseline 0.002 -23"><span class='ocrx_word' id='word_1_76' title='bbox 564 2509 910 2574; x_wconf 85' lang='lat' dir='ltr'><strong>tendentes</strong></span> <span class='ocrx_word' id='word_1_77' title='bbox 950 2531 1030 2575; x_wconf 89' lang='lat' dir='ltr'><strong>ex</strong></span> <span class='ocrx_word' id='word_1_78' title='bbox 1067 2510 1190 2577; x_wconf 87' lang='lat' dir='ltr'><strong>hoc</strong></span> <span class='ocrx_word' id='word_1_79' title='bbox 1228 2510 1368 2594; x_wconf 89' lang='lat' dir='ltr'><strong>ipso</strong></span> <span class='ocrx_word' id='word_1_80' title='bbox 1407 2512 1721 2596; x_wconf 88' lang='lat' dir='ltr'><strong>majorem</strong></span> <span class='ocrx_word' id='word_1_81' title='bbox 1758 2511 2081 2575; x_wconf 74' lang='lat' dir='ltr'><strong>inchoatae</strong></span> <span class='ocrx_word' id='word_1_82' title='bbox 2120 2510 2479 2576; x_wconf 81' lang='lat' dir='ltr'><strong>dilectionis</strong></span> 
     </span>
     <span class='ocr_line' id='line_1_15' title="bbox 564 2613 2479 2699; baseline 0.002 -22"><span class='ocrx_word' id='word_1_83' title='bbox 564 2613 941 2679; x_wconf 86' lang='lat' dir='ltr'><strong>firmitatem</strong></span> <span class='ocrx_word' id='word_1_84' title='bbox 978 2614 1152 2679; x_wconf 90' lang='lat' dir='ltr'><strong>inter</strong></span> <span class='ocrx_word' id='word_1_85' title='bbox 1191 2614 1526 2679; x_wconf 88' lang='lat' dir='ltr'><strong>dominum</strong></span> <span class='ocrx_word' id='word_1_86' title='bbox 1565 2635 1800 2699; x_wconf 87' lang='lat' dir='ltr'><strong>papam</strong></span> <span class='ocrx_word' id='word_1_87' title='bbox 1841 2620 1908 2678; x_wconf 91' lang='lat' dir='ltr'><strong>et</strong></span> <span class='ocrx_word' id='word_1_88' title='bbox 1949 2614 2286 2678; x_wconf 89' lang='lat' dir='ltr'><strong>dominum</strong></span> <span class='ocrx_word' id='word_1_89' title='bbox 2330 2637 2479 2680; x_wconf 86' lang='lat' dir='ltr'><strong>nos-</strong></span> 
     </span>
     <span class='ocr_line' id='line_1_16' title="bbox 563 2711 2477 2801; baseline 0.002 -22"><span class='ocrx_word' id='word_1_90' title='bbox 563 2721 740 2780; x_wconf 90' lang='lat' dir='ltr'><strong>trum</strong></span> <span class='ocrx_word' id='word_1_91' title='bbox 776 2738 999 2800; x_wconf 86' lang='lat' dir='ltr'><strong>regem</strong></span> <span class='ocrx_word' id='word_1_92' title='bbox 1036 2711 1534 2801; x_wconf 61' lang='lat' dir='ltr'><strong>proventuram,</strong></span> <span class='ocrx_word' id='word_1_93' title='bbox 1580 2723 1809 2781; x_wconf 86' lang='lat' dir='ltr'><strong>vestrae</strong></span> <span class='ocrx_word' id='word_1_94' title='bbox 1848 2717 2273 2799; x_wconf 88' lang='lat' dir='ltr'><strong>nihilominus</strong></span> <span class='ocrx_word' id='word_1_95' title='bbox 2303 2739 2477 2783; x_wconf 91' lang='lat' dir='ltr'><strong>com-</strong></span> 
     </span>
     <span class='ocr_line' id='line_1_17' title="bbox 563 2819 2482 2904; baseline 0.001 -22"><span class='ocrx_word' id='word_1_96' title='bbox 563 2819 866 2883; x_wconf 87' lang='lat' dir='ltr'><strong>moditati</strong></span> <span class='ocrx_word' id='word_1_97' title='bbox 897 2820 1376 2903; x_wconf 89' lang='lat' dir='ltr'><strong>prospicientes,</strong></span> <span class='ocrx_word' id='word_1_98' title='bbox 1406 2826 1484 2885; x_wconf 87' lang='lat' dir='ltr'><strong>ut</strong></span> <span class='ocrx_word' id='word_1_99' title='bbox 1519 2820 1752 2884; x_wconf 85' lang='lat' dir='ltr'><strong>exinde</strong></span> <span class='ocrx_word' id='word_1_100' title='bbox 1792 2821 1874 2884; x_wconf 92' lang='lat' dir='ltr'><strong>ad</strong></span> <span class='ocrx_word' id='word_1_101' title='bbox 1912 2820 2189 2904; x_wconf 83' lang='lat' dir='ltr'><strong>gratiam</strong></span> <span class='ocrx_word' id='word_1_102' title='bbox 2234 2820 2482 2885; x_wconf 93' lang='lat' dir='ltr'><strong>domini</strong></span> 
     </span>
     <span class='ocr_line' id='line_1_18' title="bbox 561 2921 2479 3006; baseline 0.002 -21"><span class='ocrx_word' id='word_1_103' title='bbox 561 2921 768 2986; x_wconf 89' lang='lat' dir='ltr'><strong>nostri</strong></span> <span class='ocrx_word' id='word_1_104' title='bbox 813 2922 983 3005; x_wconf 84' lang='lat' dir='ltr'><strong>regis</strong></span> <span class='ocrx_word' id='word_1_105' title='bbox 1027 2922 1522 3006; x_wconf 86' lang='lat' dir='ltr'><strong>promerendam</strong></span> <span class='ocrx_word' id='word_1_106' title='bbox 1573 2922 1820 2988; x_wconf 87' lang='lat' dir='ltr'><strong>facilior</strong></span> <span class='ocrx_word' id='word_1_107' title='bbox 1872 2922 2203 2989; x_wconf 88' lang='lat' dir='ltr'><strong>sanctitati</strong></span> <span class='ocrx_word' id='word_1_108' title='bbox 2248 2931 2479 2989; x_wconf 84' lang='lat' dir='ltr'><strong>vestrae</strong></span> 
     </span>
     <span class='ocr_line' id='line_1_19' title="bbox 560 3025 2475 3110; baseline 0.001 -22"><span class='ocrx_word' id='word_1_109' title='bbox 560 3031 809 3108; x_wconf 89' lang='lat' dir='ltr'><strong>pateret</strong></span> <span class='ocrx_word' id='word_1_110' title='bbox 868 3045 1156 3100; x_wconf 86' lang='lat' dir='ltr'><strong>accessus</strong></span> <span class='ocrx_word' id='word_1_111' title='bbox 1178 3050 1198 3104; x_wconf 83' lang='lat'>3</span> <span class='ocrx_word' id='word_1_112' title='bbox 1274 3046 1412 3091; x_wconf 90' lang='lat' dir='ltr'><strong>non</strong></span> <span class='ocrx_word' id='word_1_113' title='bbox 1448 3025 1693 3108; x_wconf 62' lang='lat' dir='ltr'><strong>⁴minus</strong></span> <span class='ocrx_word' id='word_1_114' title='bbox 1762 3026 2042 3110; x_wconf 39' lang='lat' dir='ltr'><strong>quidem·</strong></span> <span class='ocrx_word' id='word_1_115' title='bbox 2093 3026 2175 3091; x_wconf 88' lang='lat' dir='ltr'><strong>de</strong></span> <span class='ocrx_word' id='word_1_116' title='bbox 2240 3033 2475 3105; x_wconf 90' lang='lat' dir='ltr'><strong>vestra,</strong></span> 
     </span>
     <span class='ocr_line' id='line_1_20' title="bbox 566 3127 2526 3213; baseline 0.002 -22"><span class='ocrx_word' id='word_1_117' title='bbox 566 3147 762 3211; x_wconf 91' lang='lat' dir='ltr'><strong>quam</strong></span> <span class='ocrx_word' id='word_1_118' title='bbox 813 3127 894 3192; x_wconf 89' lang='lat' dir='ltr'><strong>de</strong></span> <span class='ocrx_word' id='word_1_119' title='bbox 945 3128 1227 3192; x_wconf 80' lang='lat' dir='ltr'><strong>ecclesiae</strong></span> <span class='ocrx_word' id='word_1_120' title='bbox 1278 3127 1800 3210; x_wconf 82' lang='lat' dir='ltr'><strong>Saresberiensis,</strong></span> <span class='ocrx_word' id='word_1_121' title='bbox 1846 3150 2005 3213; x_wconf 89' lang='lat' dir='ltr'><strong>pace</strong></span> <span class='ocrx_word' id='word_1_122' title='bbox 2051 3129 2479 3210; x_wconf 89' lang='lat' dir='ltr'><strong>reformanda,</strong></span> <span class='ocrx_word' id='word_1_123' title='bbox 2522 3173 2526 3177; x_wconf 94' lang='lat'>-</span> 
     </span>
     <span class='ocr_line' id='line_1_21' title="bbox 563 3228 2480 3313; baseline 0.002 -19"><span class='ocrx_word' id='word_1_124' title='bbox 563 3236 630 3294; x_wconf 88' lang='lat' dir='ltr'><strong>et</strong></span> <span class='ocrx_word' id='word_1_125' title='bbox 664 3228 967 3295; x_wconf 89' lang='lat' dir='ltr'><strong>libertate</strong></span> <span class='ocrx_word' id='word_1_126' title='bbox 997 3231 1433 3307; x_wconf 86' lang='lat' dir='ltr'><strong>conservanda</strong></span> <span class='ocrx_word' id='word_1_127' title='bbox 1462 3230 1808 3313; x_wconf 82' lang='lat' dir='ltr'><strong>diligentes</strong></span> <span class='ocrx_word' id='word_1_128' title='bbox 1839 3240 1906 3296; x_wconf 92' lang='lat' dir='ltr'><strong>et</strong></span> <span class='ocrx_word' id='word_1_129' title='bbox 1936 3231 2214 3297; x_wconf 87' lang='lat' dir='ltr'><strong>solliciti.</strong></span> <span class='ocrx_word' id='word_1_130' title='bbox 2305 3233 2480 3299; x_wconf 81' lang='lat' dir='ltr'><strong>Quia</strong></span> 
     </span>
    </p>
   </div>
   <div class='ocr_carea' id='block_1_5' title="bbox 563 3332 2588 3418">
    <p class='ocr_par' dir='ltr' id='par_1_5' title="bbox 563 3332 2588 3418">
     <span class='ocr_line' id='line_1_22' title="bbox 563 3332 2588 3418; baseline 0.001 -23"><span class='ocrx_word' id='word_1_131' title='bbox 563 3353 714 3398; x_wconf 89' lang='lat' dir='ltr'><strong>vero</strong></span> <span class='ocrx_word' id='word_1_132' title='bbox 756 3333 1064 3417; x_wconf 77' lang='lat' dir='ltr'><strong>praefatus</strong></span> <span class='ocrx_word' id='word_1_133' title='bbox 1093 3332 1450 3398; x_wconf 88' lang='lat' dir='ltr'><strong>monachus</strong></span> <span class='ocrx_word' id='word_1_134' title='bbox 1478 3332 1842 3397; x_wconf 90' lang='lat' dir='ltr'><strong>inauditam</strong></span> <span class='ocrx_word' id='word_1_135' title='bbox 1872 3334 2308 3418; x_wconf 89' lang='lat' dir='ltr'><strong>suspensionis</strong></span> <span class='ocrx_word' id='word_1_136' title='bbox 2337 3355 2480 3400; x_wconf 90' lang='lat' dir='ltr'><strong>sen·</strong></span> <span class='ocrx_word' id='word_1_137' title='bbox 2583 3411 2588 3418; x_wconf 37' lang='grc'>,</span> 
     </span>
    </p>
   </div>
   <div class='ocr_carea' id='block_1_6' title="bbox 560 3435 2481 3521">
    <p class='ocr_par' dir='ltr' id='par_1_6' title="bbox 560 3435 2481 3521">
     <span class='ocr_line' id='line_1_23' title="bbox 560 3435 2481 3521; baseline 0.001 -21"><span class='ocrx_word' id='word_1_138' title='bbox 560 3435 857 3516; x_wconf 90' lang='lat' dir='ltr'><strong>tentiam,</strong></span> <span class='ocrx_word' id='word_1_139' title='bbox 904 3442 1043 3500; x_wconf 90' lang='lat' dir='ltr'><strong>tam</strong></span> <span class='ocrx_word' id='word_1_140' title='bbox 1090 3436 1171 3500; x_wconf 87' lang='lat' dir='ltr'><strong>ab</strong></span> <span class='ocrx_word' id='word_1_141' title='bbox 1221 3436 1400 3500; x_wconf 87' lang='grc'>0111111</span> <span class='ocrx_word' id='word_1_142' title='bbox 1447 3435 1848 3516; x_wconf 87' lang='lat' dir='ltr'><strong>sacerdotali,-</strong></span> <span class='ocrx_word' id='word_1_143' title='bbox 1892 3458 2086 3521; x_wconf 88' lang='lat' dir='ltr'><strong>quam</strong></span> <span class='ocrx_word' id='word_1_144' title='bbox 2136 3437 2481 3521; x_wconf 89' lang='lat' dir='ltr'><strong>episcopali</strong></span> 
     </span>
    </p>
   </div>
   <div class='ocr_carea' id='block_1_7' title="bbox 561 3535 2602 3622">
    <p class='ocr_par' dir='ltr' id='par_1_7' title="bbox 561 3535 2602 3622">
     <span class='ocr_line' id='line_1_24' title="bbox 561 3535 2602 3622; baseline 0 -18"><span class='ocrx_word' id='word_1_145' title='bbox 561 3538 768 3604; x_wconf 91' lang='lat' dir='ltr'><strong>officio</strong></span> <span class='ocrx_word' id='word_1_146' title='bbox 813 3538 886 3603; x_wconf 92' lang='lat' dir='ltr'><strong>in</strong></span> <span class='ocrx_word' id='word_1_147' title='bbox 932 3560 1053 3603; x_wconf 90' lang='lat' dir='ltr'><strong>nos</strong></span> <span class='ocrx_word' id='word_1_148' title='bbox 1100 3537 1453 3622; x_wconf 89' lang='lat' dir='ltr'><strong>proposuit,</strong></span> <span class='ocrx_word' id='word_1_149' title='bbox 1499 3559 1585 3602; x_wconf 91' lang='lat' dir='ltr'><strong>ne</strong></span> <span class='ocrx_word' id='word_1_150' title='bbox 1629 3535 1834 3604; x_wconf 54' lang='lat' dir='ltr'><strong>tanto‘</strong></span> <span class='ocrx_word' id='word_1_151' title='bbox 1869 3540 2240 3622; x_wconf 85' lang='lat' dir='ltr'><strong>gravamine</strong></span> <span class='ocrx_word' id='word_1_152' title='bbox 2289 3539 2478 3604; x_wconf 88' lang='lat' dir='ltr'><strong>inno·</strong></span> <span class='ocrx_word' id='word_1_153' title='bbox 2597 3621 2602 3622; x_wconf 10' lang='grc' dir='ltr'><strong><em>ἶ</em></strong></span> 
     </span>
    </p>
   </div>
   <div class='ocr_carea' id='block_1_8' title="bbox 546 3640 2478 4551">
    <p class='ocr_par' dir='ltr' id='par_1_8' title="bbox 546 3640 2478 4551">
     <span class='ocr_line' id='line_1_25' title="bbox 561 3640 2476 3727; baseline -0.001 -20"><span class='ocrx_word' id='word_1_154' title='bbox 561 3650 781 3709; x_wconf 88' lang='lat' dir='ltr'><strong>centes</strong></span> <span class='ocrx_word' id='word_1_155' title='bbox 826 3642 1353 3727; x_wconf 88' lang='lat' dir='ltr'><strong>opprimeremur,</strong></span> <span class='ocrx_word' id='word_1_156' title='bbox 1386 3642 1707 3720; x_wconf 90' lang='lat' dir='ltr'><strong>absentes,</strong></span> <span class='ocrx_word' id='word_1_157' title='bbox 1739 3661 1874 3705; x_wconf 88' lang='lat' dir='ltr'><strong>non</strong></span> <span class='ocrx_word' id='word_1_158' title='bbox 1904 3640 2107 3721; x_wconf 91' lang='lat' dir='ltr'><strong>citati,</strong></span> <span class='ocrx_word' id='word_1_159' title='bbox 2137 3641 2476 3722; x_wconf 89' lang='lat' dir='ltr'><strong>indefensi,</strong></span> 
     </span>
     <span class='ocr_line' id='line_1_26' title="bbox 559 3743 2478 3830; baseline -0.001 -19"><span class='ocrx_word' id='word_1_160' title='bbox 559 3767 695 3811; x_wconf 90' lang='lat' dir='ltr'><strong>non</strong></span> <span class='ocrx_word' id='word_1_161' title='bbox 724 3746 1018 3826; x_wconf 88' lang='lat' dir='ltr'><strong>confessi,</strong></span> <span class='ocrx_word' id='word_1_162' title='bbox 1049 3766 1262 3830; x_wconf 88' lang='lat' dir='ltr'><strong>neque</strong></span> <span class='ocrx_word' id='word_1_163' title='bbox 1302 3744 1598 3824; x_wconf 88' lang='lat' dir='ltr'><strong>convicti,</strong></span> <span class='ocrx_word' id='word_1_164' title='bbox 1632 3743 1714 3808; x_wconf 88' lang='lat' dir='ltr'><strong>ad</strong></span> <span class='ocrx_word' id='word_1_165' title='bbox 1759 3743 1977 3810; x_wconf 89' lang='lat' dir='ltr'><strong>sedem</strong></span> <span class='ocrx_word' id='word_1_166' title='bbox 2021 3745 2478 3829; x_wconf 87' lang='lat' dir='ltr'><strong>appellavimus</strong></span> 
     </span>
     <span class='ocr_line' id='line_1_27' title="bbox 560 3847 2477 3934; baseline 0.001 -21"><span class='ocrx_word' id='word_1_167' title='bbox 560 3850 992 3933; x_wconf 87' lang='lat' dir='ltr'><strong>apostolicam.</strong></span> <span class='ocrx_word' id='word_1_168' title='bbox 1061 3849 1151 3913; x_wconf 86' lang='lat' dir='ltr'><strong>Et</strong></span> <span class='ocrx_word' id='word_1_169' title='bbox 1182 3849 1349 3914; x_wconf 90' lang='lat' dir='ltr'><strong>sicut</strong></span> <span class='ocrx_word' id='word_1_170' title='bbox 1378 3854 1540 3913; x_wconf 89' lang='lat' dir='ltr'><strong>tunc</strong></span> <span class='ocrx_word' id='word_1_171' title='bbox 1568 3847 1783 3929; x_wconf 90' lang='lat' dir='ltr'><strong>verbo,</strong></span> <span class='ocrx_word' id='word_1_172' title='bbox 1814 3848 1910 3912; x_wconf 89' lang='lat' dir='ltr'><strong>ita</strong></span> <span class='ocrx_word' id='word_1_173' title='bbox 1938 3854 2004 3912; x_wconf 90' lang='lat' dir='ltr'><strong>et</strong></span> <span class='ocrx_word' id='word_1_174' title='bbox 2033 3869 2212 3912; x_wconf 90' lang='lat' dir='ltr'><strong>nunc</strong></span> <span class='ocrx_word' id='word_1_175' title='bbox 2241 3848 2477 3934; x_wconf 90' lang='lat' dir='ltr'><strong>scripto</strong></span> 
     </span>
     <span class='ocr_line' id='line_1_28' title="bbox 559 3951 2474 4036; baseline 0.001 -22"><span class='ocrx_word' id='word_1_176' title='bbox 559 3951 631 4015; x_wconf 88' lang='lat' dir='ltr'><strong>in</strong></span> <span class='ocrx_word' id='word_1_177' title='bbox 672 3959 883 4016; x_wconf 88' lang='lat' dir='ltr'><strong>vestra</strong></span> <span class='ocrx_word' id='word_1_178' title='bbox 923 3952 1268 4036; x_wconf 77' lang='lat' dir='ltr'><strong>praesentia</strong></span> <span class='ocrx_word' id='word_1_179' title='bbox 1312 3951 1729 4036; x_wconf 77' lang='lat' dir='ltr'><strong>appellamUS,</strong></span> <span class='ocrx_word' id='word_1_180' title='bbox 1760 3957 1899 4015; x_wconf 87' lang='lat' dir='ltr'><strong>tam</strong></span> <span class='ocrx_word' id='word_1_181' title='bbox 1946 3971 2247 4035; x_wconf 85' lang='lat' dir='ltr'><strong>personas</strong></span> <span class='ocrx_word' id='word_1_182' title='bbox 2279 3973 2474 4036; x_wconf 90' lang='lat' dir='ltr'><strong>quam</strong></span> 
     </span>
     <span class='ocr_line' id='line_1_29' title="bbox 558 4053 2475 4139; baseline 0.001 -20"><span class='ocrx_word' id='word_1_183' title='bbox 558 4060 768 4119; x_wconf 91' lang='lat' dir='ltr'><strong>totam</strong></span> <span class='ocrx_word' id='word_1_184' title='bbox 814 4055 1147 4120; x_wconf 88' lang='lat' dir='ltr'><strong>ecclesiam</strong></span> <span class='ocrx_word' id='word_1_185' title='bbox 1196 4062 1486 4120; x_wconf 89' lang='lat' dir='ltr'><strong>nostram</strong></span> <span class='ocrx_word' id='word_1_186' title='bbox 1536 4053 1924 4139; x_wconf 85' lang='lat' dir='ltr'><strong>protectioni</strong></span> <span class='ocrx_word' id='word_1_187' title='bbox 1972 4054 2147 4119; x_wconf 90' lang='lat' dir='ltr'><strong>beati</strong></span> <span class='ocrx_word' id='word_1_188' title='bbox 2186 4054 2369 4119; x_wconf 91' lang='lat' dir='ltr'><strong>Petri</strong></span> <span class='ocrx_word' id='word_1_189' title='bbox 2408 4063 2475 4120; x_wconf 87' lang='lat' dir='ltr'><strong>et</strong></span> 
     </span>
     <span class='ocr_line' id='line_1_30' title="bbox 558 4156 2475 4240; baseline -0.001 -18"><span class='ocrx_word' id='word_1_190' title='bbox 558 4156 807 4222; x_wconf 91' lang='lat' dir='ltr'><strong>domini</strong></span> <span class='ocrx_word' id='word_1_191' title='bbox 857 4177 1040 4240; x_wconf 89' lang='lat' dir='ltr'><strong>papae</strong></span> <span class='ocrx_word' id='word_1_192' title='bbox 1091 4157 1568 4222; x_wconf 88' lang='lat' dir='ltr'><strong>submittentes.</strong></span> <span class='ocrx_word' id='word_1_193' title='bbox 1659 4157 1933 4221; x_wconf 87' lang='lat' dir='ltr'><strong>Noverit</strong></span> <span class='ocrx_word' id='word_1_194' title='bbox 1985 4156 2291 4221; x_wconf 90' lang='lat' dir='ltr'><strong>sanctitas</strong></span> <span class='ocrx_word' id='word_1_195' title='bbox 2337 4178 2475 4221; x_wconf 85' lang='lat' dir='ltr'><strong>ves-</strong></span> 
     </span>
     <span class='ocr_line' id='line_1_31' title="bbox 555 4259 2475 4342; baseline -0.001 -18"><span class='ocrx_word' id='word_1_196' title='bbox 555 4266 660 4324; x_wconf 90' lang='lat' dir='ltr'><strong>tra</strong></span> <span class='ocrx_word' id='word_1_197' title='bbox 702 4281 839 4323; x_wconf 89' lang='lat' dir='ltr'><strong>non</strong></span> <span class='ocrx_word' id='word_1_198' title='bbox 880 4259 1132 4325; x_wconf 90' lang='lat' dir='ltr'><strong>modica</strong></span> <span class='ocrx_word' id='word_1_199' title='bbox 1173 4282 1293 4325; x_wconf 90' lang='lat' dir='ltr'><strong>nos</strong></span> <span class='ocrx_word' id='word_1_200' title='bbox 1334 4260 1761 4324; x_wconf 89' lang='lat' dir='ltr'><strong>admiratione</strong></span> <span class='ocrx_word' id='word_1_201' title='bbox 1793 4259 2051 4339; x_wconf 89' lang='lat' dir='ltr'><strong>moveri,</strong></span> <span class='ocrx_word' id='word_1_202' title='bbox 2085 4265 2475 4342; x_wconf 72' lang='lat' dir='ltr'><strong>caeterosque</strong></span> 
     </span>
     <span class='ocr_line' id='line_1_32' title="bbox 556 4362 2477 4447; baseline -0.001 -21"><span class='ocrx_word' id='word_1_203' title='bbox 556 4363 753 4447; x_wconf 83' lang='lat' dir='ltr'><strong>hujus</strong></span> <span class='ocrx_word' id='word_1_204' title='bbox 811 4363 907 4426; x_wconf 91' lang='lat' dir='ltr'><strong>rei</strong></span> <span class='ocrx_word' id='word_1_205' title='bbox 964 4363 1306 4442; x_wconf 88' lang='lat' dir='ltr'><strong>auditores,</strong></span> <span class='ocrx_word' id='word_1_206' title='bbox 1355 4369 1494 4427; x_wconf 88' lang='lat' dir='ltr'><strong>tam</strong></span> <span class='ocrx_word' id='word_1_207' title='bbox 1547 4362 1763 4428; x_wconf 89' lang='lat' dir='ltr'><strong>subito</strong></span> <span class='ocrx_word' id='word_1_208' title='bbox 1813 4368 2017 4442; x_wconf 89' lang='lat' dir='ltr'><strong>motu,</strong></span> <span class='ocrx_word' id='word_1_209' title='bbox 2066 4367 2205 4426; x_wconf 90' lang='lat' dir='ltr'><strong>tam</strong></span> <span class='ocrx_word' id='word_1_210' title='bbox 2258 4381 2477 4425; x_wconf 90' lang='lat' dir='ltr'><strong>severo</strong></span> 
     </span>
     <span class='ocr_line' id='line_1_33' title="bbox 546 4463 2476 4551; baseline -0.002 -20"><span class='ocrx_word' id='word_1_211' title='bbox 546 4465 811 4551; x_wconf 88' lang='lat' dir='ltr'><strong>judicio,</strong></span> <span class='ocrx_word' id='word_1_212' title='bbox 874 4487 1010 4531; x_wconf 91' lang='lat' dir='ltr'><strong>non</strong></span> <span class='ocrx_word' id='word_1_213' title='bbox 1070 4465 1212 4531; x_wconf 90' lang='lat' dir='ltr'><strong>dico</strong></span> <span class='ocrx_word' id='word_1_214' title='bbox 1285 4465 1602 4550; x_wconf 75' lang='lat' dir='ltr'><strong>praecipiti</strong></span> <span class='ocrx_word' id='word_1_215' title='bbox 1675 4465 2031 4545; x_wconf 87' lang='lat' dir='ltr'><strong>voluntate,</strong></span> <span class='ocrx_word' id='word_1_216' title='bbox 2093 4470 2344 4548; x_wconf 88' lang='lat' dir='ltr'><strong>patrem</strong></span> <span class='ocrx_word' id='word_1_217' title='bbox 2402 4463 2476 4527; x_wconf 89' lang='lat' dir='ltr'><strong>in</strong></span> 
     </span>
    </p>
   </div>
  </div>
 </body>
</html>
