3200 5392
45 0 3200 331 —

544 926 678 969 Am.
715 905 1110 987 nol-89]
1212 922 1710 968 Lonoomnnsls
1744 924 2097 968 nrlsronae.
2362 908 2447 969 29

544 1050 644 1107 tes
684 1043 824 1127 ejus
864 1041 1339 1124 aliquantulum
1383 1042 1625 1106 attritoe
1665 1050 1871 1121 erant,
1915 1041 2447 1126 paludamentum

546 1145 626 1209 de
667 1144 854 1209 famit
895 1144 1163 1223 faciunt,
1194 1144 1263 1208 id
1307 1151 1405 1209 est
1447 1144 1579 1208 vita
1624 1166 1742 1209 sua
1782 1144 2034 1229 pudica,
2066 1151 2133 1209 et
2162 1144 2449 1211 honestis

545 1248 831 1313 moribus
871 1268 1011 1312 eam
1052 1248 1390 1311 adornant.
1481 1249 1652 1312 Ecce
1683 1248 1822 1332 jam
1861 1247 2066 1313 victus
2105 1256 2206 1312 est
2247 1248 2450 1314 hostis

546 1359 612 1417 et
650 1352 723 1415 in
763 1351 1001 1435 apertis
1040 1349 1589 1435 persecutionibus
1629 1358 1696 1416 et
1732 1350 1804 1415 in
1843 1351 2109 1416 occultis
2138 1351 2450 1416 heretico-

541 1456 687 1519 rum
718 1453 1219 1532 seductionibus,
1262 1474 1417 1517 nam
1462 1474 1697 1536 sponsa
1738 1453 1923 1518 nulla
1964 1461 2192 1521 contra
2230 1474 2450 1518 occur-

541 1565 747 1637 rente,
779 1580 927 1623 cum
957 1557 1164 1622 multo
1194 1556 1507 1621 comitatu
1550 1556 1862 1641 graditur.
1952 1558 2186 1622 Adhuc
2228 1565 2452 1623 tamen

544 1661 807 1727 coluber
843 1667 1171 1726 tortuosus
1212 1681 1357 1724 eam
1397 1660 1668 1745 spoliare
1708 1667 1999 1741 conatur,
2031 1668 2098 1727 et
2138 1682 2339 1746 quum
2379 1661 2452 1726 in

543 1765 648 1830 via
695 1785 831 1829 non
880 1764 1102 1848 possit,
1143 1762 1334 1847 juxta
1377 1762 1548 1827 viam
1598 1763 1861 1847 laqueos
1913 1784 2061 1828 suos
2109 1770 2313 1847 parat,
2359 1762 2453 1828 ibi

543 1868 824 1933 tentoria
882 1888 999 1931 sua
1057 1866 1266 1950 erigit,
1314 1872 1382 1930 et
1432 1865 1539 1930 hic
1592 1865 1851 1949 quidem
1903 1867 2251 1951 trapezitas
2302 1887 2453 1931 suos

546 1994 697 2037 cum
738 1971 946 2036 multo
985 1991 1143 2034 auro
1183 1977 1251 2034 et
1290 1976 1560 2054 argento
1603 1970 1814 2053 posito
1851 1969 2071 2035 sedere
2108 1969 2282 2050 facit,
2320 1970 2452 2035 illic

544 2083 764 2141 autem
792 2073 1047 2138 vestivit
1076 2093 1225 2136 cum
1255 2073 1463 2137 multo
1504 2078 1571 2137 et
1614 2073 1790 2137 vario
1833 2080 2146 2157 apparatu
2174 2073 2452 2139 diverso-

543 2198 692 2241 rum
740 2182 1287 2251 ornamentorum,
1337 2175 1491 2238 alibi
1537 2175 1892 2243 vendentes
1939 2176 2113 2240 cibos
2159 2177 2451 2241 omnium

546 2301 859 2364 generum
889 2278 1178 2357 collocat,
1212 2276 1365 2341 alibi
1394 2277 1818 2341 vendentium
1861 2278 2010 2341 vina
2052 2286 2119 2343 et
2162 2279 2453 2342 omnium

543 2383 882 2467 potionum
926 2401 1165 2464 genera
1207 2380 1479 2445 taberna
1523 2379 1859 2463 disposuit,
1896 2379 2052 2444 alibi
2092 2381 2451 2464 triumpha-

542 2486 635 2551 les
675 2506 860 2550 arcus
899 2482 1316 2568 gloriantium
1354 2484 1426 2547 in
1467 2505 1702 2568 pompa
1741 2483 2012 2548 seculari
2051 2483 2261 2567 erigit,
2299 2484 2450 2549 cho-

542 2611 683 2654 reas
721 2576 1103 2672 puellarum,
1137 2597 1203 2653 et
1246 2587 1466 2652 omnia
1505 2586 1849 2652 libidinum
1888 2588 2313 2653 incitamenta
2350 2610 2449 2653 os-

540 2692 775 2757 tendit.
864 2691 997 2757 Qui
1036 2691 1288 2775 sapiens
1317 2698 1438 2770 est,
1469 2712 1622 2755 cum
1651 2712 1888 2774 sponsa
1916 2691 2227 2774 graditur,
2259 2712 2449 2775 spon-

542 2817 628 2859 sae
683 2802 863 2860 recta
917 2794 1018 2859 via
1076 2794 1397 2877 gradienti
1456 2794 1766 2873 adhaeret,
1815 2794 1981 2858 fatui
2036 2800 2103 2858 et
2149 2794 2450 2858 vecordes

540 2898 709 2962 viam
753 2897 1079 2976 deserunt,
1111 2904 1177 2961 et
1220 2897 1293 2960 in
1335 2896 1768 2962 tabernaculis
1814 2897 2053 2963 diaboli
2086 2896 2450 2982 jocundan-

543 3007 671 3078 tur,
703 3007 771 3065 et
808 2999 892 3064 ad
929 3021 1230 3084 sponsam
1258 3000 1534 3084 amplius
1566 3021 1700 3064 non
1727 2999 2024 3064 redeunt.
2113 3000 2202 3064 Et
2229 3021 2451 3065 revera

542 3103 737 3167 multi
763 3102 954 3167 hodie
984 3102 1147 3167 viam
1182 3103 1508 3182 deserunt,
1532 3109 1599 3167 et
1629 3103 1701 3166 in
1730 3101 2016 3167 tabernis
2046 3101 2281 3167 diaboli
2312 3123 2449 3167 esse

535 3207 995 3292 jocundantur.
1113 3207 1289 3271 Nam
1349 3207 1737 3291 quicumque
1811 3214 2154 3291 argentum
2214 3208 2446 3292 diligit,

546 3309 689 3373 auri
739 3308 947 3393 specie
997 3308 1266 3390 capitur,
1315 3317 1383 3371 et
1434 3308 1570 3371 haec
1617 3308 1874 3372 Christo
1920 3309 2331 3394 praeponitur,
2379 3309 2450 3374 in

544 3411 827 3477 tentorio
857 3409 1095 3474 diaboli
1124 3409 1512 3474 demoratur.
1608 3410 1919 3473 Similiter
1947 3410 2063 3495 qui
2092 3418 2264 3474 veste
2311 3432 2454 3495 pre-

484 3500 492 3509 ’
544 3514 728 3592 tiosa,
761 3512 873 3596 qui
915 3510 1074 3575 cibis
1116 3510 1521 3590 lautioribuS,
1555 3512 1668 3596 qui
1710 3510 1859 3575 vino
1905 3511 2171 3590 mellito,
2202 3520 2269 3576 et
2312 3512 2452 3577 aliis

544 3617 882 3701 potionum
924 3615 1350 3700 pretiosarum
1389 3613 1753 3698 generibus,
1788 3615 1899 3698 qui
1940 3615 2013 3678 in
2056 3615 2449 3696 mulieribus,

545 3721 657 3805 qui
683 3719 756 3784 in
776 3719 959 3804 jocis,
991 3726 1057 3783 et
1088 3718 1286 3783 seculi
1315 3718 1725 3783 cantionibus
1755 3719 2178 3798 delectantur,
2210 3727 2276 3783 et
2311 3721 2450 3785 haec

545 3823 803 3887 Christo
832 3828 1238 3905 praeponunt,
1269 3820 1340 3884 in
1368 3820 1802 3889 tabernaculis
1832 3821 2070 3886 diaboli
2099 3829 2216 3886 est.
2271 3821 2449 3890 Quid

546 3927 741 3991 etiam
772 3924 979 3989 dicam
1013 3925 1093 3988 de
1120 3923 1266 4002 illis,
1300 3923 1408 4007 qui
1440 3946 1642 4008 quum
1678 3924 2010 3990 ecclesiam
2055 3923 2183 3989 Dei
2226 3946 2449 4009 regere

545 4028 803 4107 debent,
837 4027 1239 4112 egredientes
1284 4026 1402 4106 via,
1450 4048 1526 4091 ea
1570 4048 1715 4111 quae
1756 4027 1827 4095 in
1871 4028 2166 4093 tentoriis
2212 4028 2450 4094 diaboli

545 4130 936 4196 admirantes
986 4129 1511 4213 circumspiciunt
1554 4137 1622 4194 et
1666 4131 2147 4213 concupiscunt,
2196 4138 2262 4196 et
2312 4153 2448 4197 non

544 4232 858 4298 habentes
900 4233 1076 4298 unde
1127 4234 1344 4317 cupita
1388 4239 1782 4318 comparent,
1829 4241 2211 4303 ornamenta
2257 4257 2446 4318 spon-

547 4356 635 4399 sae
680 4335 1012 4420 diripiunt,
1059 4343 1127 4401 et
1175 4336 1249 4400 in
1299 4336 1629 4420 explendis
1680 4336 1864 4401 malis
1915 4336 2447 4420 concupiscentiis

547 4438 679 4502 suis
716 4438 995 4522 turpiter
1029 4439 1388 4504 insumunt.
1479 4440 1587 4505 Ita
1630 4440 1917 4524 undique
1959 4441 2239 4506 lacerata
2280 4440 2449 4504 circa

543 4542 863 4621 humeros,
903 4542 1004 4607 vix
1048 4564 1272 4626 parum
1322 4543 1474 4627 quid
1520 4544 1599 4607 de
1645 4544 1906 4621 amictu,
1951 4543 2021 4607 id
2064 4550 2163 4607 est
2207 4563 2443 4625 paucos
