3200 5392
737 800 872 862 844
1303 816 1575 862 unum
1609 816 2080 862 :neronum

737 935 866 999 Pro
895 955 985 999 ar.
1018 933 1180 999 Can.
1223 955 1274 997 s.
1316 954 1384 998 n.
1427 954 1480 998 r.
1522 932 1585 997 d.
1628 952 1685 997 e.
1727 955 1789 1016 p.
1831 954 1890 997 V.
1934 934 2084 998 502.
2127 932 2214 999 0⁸
2243 935 2351 999 95.
2382 933 2440 999 E
2469 935 2643 1013 2,59.

824 1037 889 1102 G
923 1039 1067 1101 103.
1101 1036 1137 1100 I
1177 1037 1321 1100 128.

734 1139 1214 1208 Providendum
1243 1160 1351 1204 no.
1387 1144 1507 1217 est,
1539 1158 1625 1202 ne
1654 1158 1750 1202 co.
1787 1137 1934 1202 186.
1968 1135 2036 1202 D
2065 1139 2218 1205 378.

736 1242 902 1309 Quae
931 1243 1015 1308 ad
1042 1244 1107 1308 h.
1142 1243 1226 1307 D.
1259 1249 1326 1307 et
1354 1265 1415 1308 u.
1450 1264 1499 1305 s.
1533 1263 1596 1325 g.
1630 1261 1722 1306 ec.
1755 1243 1904 1307 312.
1940 1241 2005 1304 D
2035 1244 2188 1308 425.

740 1346 889 1413 Qua
919 1347 1153 1413 eonfid.
1185 1368 1319 1433 qua
1344 1344 1426 1410 fa.
1461 1345 1565 1410 do.
1603 1347 1749 1411 159.
1781 1342 1847 1408 D
1877 1346 2029 1410 301.

737 1450 891 1515 Qua
918 1450 1058 1515 dev.
1089 1469 1188 1514 vo.
1221 1469 1381 1514 serv.
1412 1469 1470 1511 ν.
1502 1468 1607 1512 en.
1640 1468 1737 1514 su.
1770 1446 1881 1511 dn.
1911 1450 2063 1513 415.
2096 1447 2151 1513 F
2179 1451 2289 1513 54.
2322 1449 2403 1514 Β.

738 1554 904 1619 Quae
933 1552 1017 1618 ad
1046 1574 1150 1637 pa.
1183 1572 1312 1617 eoo.
1345 1558 1466 1615 sta.
1498 1552 1649 1614 210.
1682 1550 1746 1615 D
1775 1550 1927 1618 296.

735 1655 901 1720 Quae
930 1654 1077 1719 don.
1111 1653 1196 1718 D.
1228 1674 1280 1717 c.
1308 1652 1371 1717 d.
1402 1674 1470 1716 n.
1503 1674 1566 1735 p.
1600 1673 1651 1715 s.
1677 1652 1728 1736 j.
1748 1674 1808 1717 v.
1841 1655 1992 1717 314.
2025 1652 2089 1717 D
2119 1656 2274 1721 427.

734 1758 898 1825 Quae
927 1757 1078 1822 don.
1110 1757 1196 1823 D.
1228 1778 1283 1821 c.
1317 1755 1381 1820 d.
1413 1779 1480 1823 n.
1510 1778 1574 1839 p.
1609 1756 1723 1820 &a
1755 1755 2114 1836 Londonia,
2154 1757 2297 1822 183.
2330 1755 2398 1821 D
2428 1758 2584 1822 383.

735 1861 900 1926 Quae
929 1860 1080 1925 don.
1117 1857 1208 1924 D.
1241 1881 1296 1925 c.
1330 1858 1394 1923 d.
1426 1881 1494 1924 n.
1527 1882 1590 1943 p.
1624 1860 1737 1924 &a
1773 1859 2132 1926 stretforde
2167 1862 2311 1926 188.
2341 1858 2409 1925 D
2438 1862 2589 1926 403.

733 1965 899 2032 Quae
925 1964 998 2028 in
1025 1986 1124 2029 us.
1157 1985 1309 2048 pau.
1340 1963 1555 2028 miser.
1586 1963 1743 2048 imp.
1778 1962 1840 2027 d.
1873 1985 1939 2027 n.
1971 1984 2036 2047 p.
2066 1965 2218 2029 230.
2251 1965 2314 2029 D
2344 1966 2497 2031 402.

738 2069 904 2134 Quae.
931 2068 999 2131 li.
1030 2067 1164 2152 inq.
1198 2088 1393 2152 quan.
1425 2074 1555 2131 tur.
1588 2088 1687 2131 su.
1723 2068 1870 2134 129.
1902 2067 1965 2131 D
1995 2068 2147 2133 272.

733 2171 898 2240 Quae
925 2172 1040 2240 rel.
1071 2171 1157 2236 lo.
1189 2170 1277 2235 di.
1304 2191 1447 2236 con.
1479 2169 1570 2234 in.
1603 2170 1725 2236 eol.
1758 2191 1809 2234 s.
1840 2172 1993 2236 283.
2026 2167 2092 2233 D
2121 2172 2277 2236 424.

732 2274 898 2341 Quae
925 2274 998 2338 in
1026 2295 1164 2338 ιιοε.
1198 2294 1330 2357 ger.
1364 2294 1462 2356 pr.
1491 2278 1582 2337 ta.
1615 2275 1766 2337 259.
1798 2272 1862 2337 D
1892 2275 2045 2337 414.

732 2377 898 2444 Quae
926 2385 1176 2442 senten.
1208 2377 1321 2442 fin.
1353 2397 1450 2440 su.
1481 2376 1601 2440 cal.
1639 2378 1787 2441 192.
1817 2376 1881 2441 D
1910 2378 2066 2442 40⁷.

732 2480 898 2547 Quae
927 2502 1082 2546 sem.
1114 2480 1192 2544 ri.
1223 2481 1337 2545 fin.
1370 2502 1468 2545 su.
1501 2501 1586 2545 ne
1621 2481 1769 2545 190.
1801 2477 1869 2543 D
1897 2482 2049 2543 405.

730 2585 896 2652 Quoe
926 2585 1058 2649 sint
1087 2605 1184 2663 ea,
1217 2583 1343 2664 du„
1376 2606 1520 2668 quae
1549 2605 1590 2648 a
1620 2583 1720 2648 do.
1755 2583 1861 2648 66.
1892 2583 1956 2648 D
1991 2585 2098 2649 79.

731 2687 897 2754 Quae
925 2686 1056 2751 sint
1085 2708 1238 2771 opes
1265 2687 1351 2751 10.
1384 2709 1445 2770 q.
1479 2686 1602 2752 dic.
1638 2684 1815 2751 Hali.
1846 2689 2000 2751 220.
2030 2686 2094 2751 D
2130 2689 2278 2752 121.

730 2789 1036 2856 Quaeritis
1066 2810 1152 2854 an
1181 2811 1326 2874 app.
1358 2790 1442 2855 lo.
1474 2789 1559 2855 sit
1593 2792 1741 2854 144.
1775 2791 1838 2855 D
1868 2790 2021 2854 326.

731 2893 897 2960 Quae.
941 2900 1153 2959 vestro
1201 2915 1265 2977 p.
1317 2892 1391 2962 in
1438 2893 1484 2958 l.
1535 2893 1599 2957 d.
1645 2894 1797 2957 436.
1845 2892 1934 2957 A²
1984 2896 2084 2960 12.
2134 2893 2192 2959 Β
2244 2895 2347 2958 15.
2397 2892 2483 2959 0⁸
2535 2897 2636 2959 15.

820 2998 878 3061 D
906 3000 1052 3062 149.
1083 2997 1142 3062 Ε
1172 2997 1379 3076 1,126.
1413 2996 1477 3061 G
1503 2997 1614 3060 21.
1641 2996 1709 3059 Η
1739 2997 1846 3060 86.
1872 2996 1909 3059 I
1941 2998 2027 3064 70
2055 3004 2123 3061 et
2142 2999 2293 3064 237.
2318 2997 2393 3062 Μ
2424 2998 2635 3076 1,123.

729 3098 1029 3165 Qualiter
1055 3121 1115 3164 v.
1134 3099 1207 3162 in
1226 3099 1299 3163 C.
1325 3098 1371 3163 f.
1404 3120 1472 3163 n.
1495 3098 1568 3164 T.
1595 3098 1671 3163 C.
1692 3120 1750 3163 a.
1769 3119 1835 3182 p.
1865 3105 1915 3162 t.
1936 3100 2088 3166 880.
2111 3099 2249 3167 Qv.
2270 3121 2370 3178 xv,
2394 3122 2459 3185 p.
2484 3102 2635 3165 841.

727 3203 945 3270 Quam
976 3202 1087 3287 pia
1112 3203 1252 3266 vide
1282 3201 1432 3269 Qua
1461 3201 1524 3266 d.

729 3306 945 3371 Quam
974 3305 1060 3374 sit
1090 3326 1196 3370 n0.
1228 3311 1295 3369 et
1323 3304 1408 3369 fa.
1441 3326 1503 3388 p.
1543 3305 1688 3369 145.
1720 3304 1783 3368 D
1820 3306 1974 3378 145.,

729 3409 945 3476 Quam
982 3408 1098 3474 fer.
1142 3408 1224 3472 af.
1265 3429 1368 3491 pa.
1410 3430 1468 3471 v.
1511 3407 1575 3472 d.
1618 3429 1685 3472 n.
1727 3428 1787 3475 e.
1826 3430 1894 3473 n.
1936 3410 2084 3476 393.
2129 3409 2210 3474 Β.
2253 3412 2356 3477 74.
2407 3409 2490 3474 0⁸
2529 3413 2633 3477 75.

814 3513 877 3577 D
911 3515 971 3579 7.
1002 3512 1060 3576 Ε
1091 3514 1154 3590 5,
1185 3511 1292 3575 60.
1327 3510 1391 3574 G
1419 3510 1527 3573 81.
1560 3510 1599 3573 I
1628 3509 1780 3574 213.

728 3616 944 3684 Quam
966 3617 1115 3700 jac„
1147 3636 1255 3699 qu.
1288 3614 1372 3679 sit
1402 3620 1478 3678 ut
1506 3636 1612 3698 pa.
1650 3615 1794 3688 139,
1826 3613 1883 3677 B
1915 3615 2021 3678 51.
2057 3612 2147 3678 0⁸
2176 3617 2284 3680 52.
2316 3616 2379 3680 D
2408 3618 2559 3681 820.

729 3720 1040 3785 Quamvis
1071 3741 1121 3783 s.
1153 3717 1217 3782 b.
1249 3718 1340 3782 in.
1370 3740 1441 3783 ιι.
1474 3740 1572 3792 ex.
1604 3718 1677 3784 in
1705 3738 1763 3782 e.
1795 3719 1948 3790 515.
1978 3717 2041 3781 D
2072 3719 2222 3781 211.

728 3822 1039 3887 Quamvis
1070 3844 1136 3886 n.
1170 3821 1251 3886 de
1280 3843 1368 3885 m.
1399 3821 1468 3886 il.
1500 3841 1552 3885 e.
1583 3841 1644 3884 v.
1676 3820 1751 3885 Τ.
1784 3842 1846 3904 q.
1877 3822 2028 3886 335.
2064 3820 2109 3884 S
2140 3819 2223 3884 fo-
2256 3823 2364 3888 45.

727 3923 1006 3990 Quando
1049 3923 1112 3988 d.
1143 3923 1251 3987 W.
1296 3923 1412 3988 Pa.
1454 3929 1520 3988 et
1559 3945 1619 3987 v.
1661 3944 1728 3990 n.
1771 3944 1830 3990 a.
1869 3923 1952 3988 R.
1985 3945 2043 3988 a.
2074 3945 2139 4008 p.
2169 3925 2324 3992 485.
2366 3925 2449 3990 C⁸
2478 3927 2631 3993 318.

809 4028 868 4093 Ε
899 4028 1072 4106 2,84.
1108 4026 1171 4091 G
1199 4027 1350 4091 322.

725 4130 1006 4198 Quando
1034 4151 1098 4214 p.
1129 4150 1187 4192 ν.
1220 4129 1264 4192 l.
1297 4150 1364 4193 n.
1397 4127 1478 4192 al.
1511 4149 1561 4191 s.
1594 4134 1645 4191 t.
1679 4149 1734 4193 e.
1772 4129 1866 4193 in.
1905 4130 1949 4192 l.
1990 4131 2142 4195 392.
2175 4130 2232 4194 Β
2266 4132 2372 4196 75.
2410 4131 2497 4197 C⁸
2526 4133 2630 4199 76.

809 4237 873 4300 Ε
898 4235 1070 4313 5,61.
1106 4233 1170 4298 G
1201 4234 1307 4297 82.

725 4340 1010 4416 Quanta,
1042 4337 1169 4414 do„
1201 4334 1347 4404 deb.
1381 4355 1482 4418 ap.
1515 4355 1641 4398 ma.
1677 4337 1784 4402 72.
1815 4334 1879 4399 D
1911 4336 2018 4400 86.

725 4443 995 4509 Quanta
1022 4461 1111 4505 m.
1143 4446 1223 4504 e'x
1252 4461 1315 4523 q.
1346 4460 1451 4503 an.
1477 4439 1608 4522 joc.
1638 4459 1708 4504 n.
1737 4460 1808 4523 p..
1833 4459 1930 4505 ec.
1958 4441 2110 4504 444.
2143 4437 2223 4505 Μ
2253 4442 2320 4520 2,
2348 4442 2456 4507 82.
