3200 5392
747 789 833 870 82
1394 805 1798 849 ALnxANnm
1835 806 2019 848 ure.

747 928 1047 1007 quutum,
1080 923 1235 986 satis
1266 921 1425 985 dure
1456 928 1521 984 et
1552 940 1794 1005 aspere,
1830 920 1943 985 sed
1973 941 2107 984 non
2140 921 2235 985 ita
2266 942 2483 986 severe
2514 929 2667 987 sunt

744 1025 1079 1111 puniendi,
1126 1025 1253 1088 nisi
1296 1024 1464 1089 forte
1510 1044 1730 1107 regem
1780 1023 1994 1107 ipsum
2046 1023 2127 1087 ad
2179 1023 2341 1087 illud
2392 1025 2661 1088 homici-

747 1130 930 1194 dium
963 1128 1095 1192 suis
1137 1125 1663 1211 suggestionibus
1708 1135 2178 1209 provocassent.
2270 1127 2380 1189 Illi
2410 1147 2664 1211 quoque

744 1253 878 1296 non
921 1230 1189 1294 fuerunt
1231 1251 1270 1293 a
1308 1229 1497 1313 culpa
1536 1228 1725 1293 liberi
1767 1248 1888 1292 nec
1933 1250 1972 1292 a
2011 1249 2206 1312 poena
2241 1229 2483 1294 debent
2526 1251 2664 1295 esse

745 1336 1088 1411 immunes,
1144 1332 1254 1418 qui
1313 1332 1465 1396 licet
1515 1331 1761 1395 fuerint
1811 1331 1984 1395 illius
2042 1331 2283 1415 iniquae
2337 1332 2664 1397 machina-

744 1436 941 1501 tionis
981 1436 1214 1519 ignari,
1251 1442 1475 1499 tamen
1516 1434 1572 1498 si
1610 1455 1719 1499 eos
1758 1435 2018 1498 sicarios
2056 1455 2196 1499 esse
2241 1434 2551 1514 sciebant,
2592 1436 2663 1498 in

747 1538 1011 1604 sarcinis
1041 1558 1266 1602 eorum
1296 1536 1735 1602 custodiendis
1764 1536 2195 1601 ministerium
2224 1537 2661 1622 praebuerunt.

746 1643 874 1706 Eos
919 1661 1068 1706 vero
1113 1641 1224 1723 qui
1268 1661 1337 1705 se
1381 1640 1609 1705 dicunt
1652 1640 1824 1703 illius
1869 1641 2079 1704 sancti
2117 1640 2238 1704 viri
2284 1648 2352 1705 et
2396 1660 2661 1705 suorum

745 1752 890 1829 post
936 1750 1215 1808 mortem
1266 1743 1407 1827 ejus
1458 1761 1800 1826 occupasse
1852 1742 2072 1826 spolia,
2118 1743 2173 1806 si
2224 1742 2319 1805 nil
2364 1743 2540 1807 aliud
2587 1743 2658 1806 in

745 1853 932 1911 tanto
990 1846 1276 1910 facinore
1334 1845 1818 1923 commiserunt,
1880 1866 1924 1908 a
1977 1865 2172 1929 poena
2229 1847 2458 1910 mortis
2522 1846 2662 1929 ejus

747 1951 1141 2016 arbitramur
1170 1971 1309 2014 esse
1338 1950 1685 2027 immunes,
1718 1948 1831 2011 sed
1863 1968 2007 2032 quae
2047 1954 2542 2032 occupaverunt,
2574 1949 2666 2013 eis

751 2075 1027 2138 quorum
1067 2053 1337 2118 fuerunt
1379 2060 1692 2118 tenentur
1731 2052 1802 2116 in
1842 2053 2175 2135 integrum
2215 2052 2574 2127 restituere,
2613 2052 2669 2115 si

748 2157 994 2222 habent
1037 2157 1110 2220 in
1160 2156 1579 2222 facultatibus
1621 2155 1804 2219 unde
1850 2177 1928 2219 ea
1969 2155 2240 2220 reddere
2282 2155 2552 2238 possint,
2601 2162 2669 2219 et

748 2261 907 2344 ipsis
948 2281 1027 2325 ex
1073 2260 1196 2323 hoc
1240 2259 1628 2342 poenitentia
1679 2256 2014 2320 moderata
2060 2264 2282 2320 tamen
2342 2263 2441 2321 est
2497 2255 2665 2319 indi-

750 2363 973 2426 cenda.
1065 2362 1238 2427 Quia
1267 2362 1418 2425 licet
1449 2360 1713 2443 quidam
1744 2379 1822 2421 ex
1851 2360 1954 2422 his
1982 2378 2060 2421 ea
2088 2378 2236 2443 quae
2268 2365 2667 2442 occuparunt

751 2486 820 2528 se
862 2464 1152 2527 fatentur
1188 2460 1579 2545 pauperibus
1624 2479 1939 2542 erogasse,
1980 2481 2116 2523 non
2159 2467 2382 2525 tamen
2427 2462 2667 2527 alienas

750 2557 872 2645 res,
905 2585 1107 2649 quum
1144 2564 1314 2648 ipsas
1356 2564 1722 2648 potuissent
1760 2563 1851 2628 eis
1893 2581 2170 2647 quorum
2199 2564 2442 2629 fuerint
2481 2566 2666 2630 resti-

750 2677 954 2747 tuere,
987 2667 1355 2732 debuerunt
1395 2665 1787 2751 pauperibus
1831 2687 2115 2751 erogare.
2208 2667 2317 2731 Illi
2361 2689 2510 2733 vero
2554 2671 2666 2752 qui

752 2772 886 2837 sola
932 2771 1634 2835 excommunicatorum
1677 2769 2167 2854 participatione
2219 2791 2288 2835 se
2333 2792 2482 2836 reos
2526 2793 2664 2837 esse

751 2881 1168 2958 cognoscunt,
1200 2873 1603 2938 considerata
1646 2873 1954 2957 temporis
1999 2874 2384 2956 quantitate,
2429 2896 2557 2958 quo
2589 2875 2663 2938 in

753 2978 978 3042 eadem
1035 2976 1328 3060 nequitia
1373 2976 1828 3060 perdurarunt,
1880 2982 1947 3040 et
1997 2977 2312 3062 inquisito
2363 2978 2559 3043 etiam
2612 2978 2667 3040 si

755 3080 846 3144 eis
888 3081 1120 3144 timore
1168 3080 1266 3143 vel
1319 3079 1659 3143 affectione
1715 3080 2330 3145 communicaverint
2390 3081 2666 3145 scienter

753 3184 853 3247 vel
895 3183 1287 3266 ignoranter,
1338 3183 1698 3247 secundum
1745 3184 1868 3247 hoc
1916 3183 2303 3267 poenitentia
2352 3193 2452 3249 est
2498 3185 2665 3248 indi·-

757 3288 981 3351 cenda.

842 3391 1122 3455 Clericos
1174 3396 1412 3467 autem,
1468 3411 1628 3472 quos
1659 3395 1913 3453 constat
1966 3397 2246 3454 armatos
2296 3389 2666 3455 interfuisse

756 3500 945 3556 tanto
981 3492 1268 3568 facinori,
1311 3498 1376 3553 et
1420 3491 1563 3553 illos
1609 3491 1807 3555 etiam
1854 3492 2135 3571 elericos,
2178 3493 2287 3576 qui
2325 3491 2667 3557 consilium

755 3594 918 3658 illud
961 3593 1299 3670 dederunt,
1347 3600 1423 3656 ut
1467 3592 1641 3657 idem
1684 3593 1778 3657 vir
1821 3603 2082 3659 sanctus
2127 3602 2479 3679 caperetur,
2526 3616 2669 3679 per-

757 3705 954 3781 petuo
1003 3718 1138 3761 non
1181 3698 1391 3760 solum
1439 3695 1520 3760 ab
1575 3697 1798 3761 altaris
1848 3697 2206 3763 ministerio
2260 3698 2671 3782 deponendos

758 3822 895 3865 esse
925 3819 1281 3878 censemus,
1314 3799 1426 3862 sed
1466 3799 1560 3863 ita
1599 3801 1816 3880 etiam,
1850 3801 2019 3884 quod
2058 3801 2127 3864 in
2165 3803 2449 3868 ecclesiis
2488 3802 2669 3866 nullo

769 3903 1018 3987 [modo]
1080 3923 1369 3985 unquam
1420 3902 1544 3985 ipsi
1593 3903 1900 3968 lectiones
1957 3903 2202 3986 legant,
2251 3905 2350 3968 vel
2408 3925 2670 3989 respon-

759 4007 925 4070 saria
951 4008 1024 4069 in
1054 4006 1249 4070 choro
1280 4006 1626 4090 separatim
1654 4013 1941 4085 cantent,
1964 4007 2078 4070 sed
2106 4007 2177 4070 in
2206 4008 2470 4091 psalmis
2500 4008 2672 4092 apud

759 4109 977 4173 Deum
1007 4108 1089 4171 de
1117 4109 1459 4173 commisso
1489 4108 1743 4173 veniam
1773 4115 2075 4193 satagant
2103 4110 2468 4193 implorare.
2557 4112 2671 4176 In·
2796 4119 2802 4124 ’

761 4233 953 4296 super
996 4216 1214 4275 autem
1259 4210 1470 4275 clerici
1504 4212 1628 4294 ipsi
1667 4212 1738 4274 in
1783 4211 2076 4277 districto
2123 4213 2405 4279 claustro
2452 4235 2672 4278 mona-

762 4314 1031 4378 chorum
1073 4314 1176 4377 vel
1221 4312 1676 4381 canonicorum
1718 4313 2115 4395 regularium
2162 4315 2216 4378 si
2264 4316 2404 4380 fieri
2442 4324 2675 4400 potest,

764 4423 925 4480 sunt
961 4414 1355 4494 recludendi,
1388 4414 1480 4478 ita
1521 4415 1782 4498 quidem
1826 4416 1999 4499 quod
2041 4439 2247 4503 usque
2292 4419 2371 4483 ad
2422 4413 2675 4504 septen.-
