3200 5392
566 877 703 919 Am.
740 857 1135 939 1161-89.]
1212 874 1572 919 armona
1602 877 1929 927 QUAEDAM.
2272 897 2278 904 ·
2349 859 2471 921 155

569 997 819 1062 maticis
871 997 1240 1064 adhaerebit.
1355 995 1643 1061 Ecclesia
1701 1019 1851 1061 vero
1901 998 2252 1077 Gallicana,
2308 999 2475 1061 sicut

568 1099 753 1163 nobis
813 1100 1089 1163 veridica
1143 1100 1456 1163 relatione
1522 1100 1832 1176 innotuit,
1893 1101 2133 1183 recepit
2193 1100 2474 1164 Alexan-

572 1202 779 1280 drum,
828 1203 907 1266 ab
954 1202 1307 1266 Octaviano
1352 1203 1633 1265 recessit.
1727 1202 1919 1268 Quod
1965 1211 2182 1267 autem
2225 1204 2307 1266 ad
2354 1203 2474 1266 hu-

571 1327 838 1368 manum
883 1311 1128 1388 spectat
1172 1326 1461 1383 examen,
1511 1305 1779 1383 meliori,
1819 1305 2055 1369 saniori
2102 1305 2270 1389 parti
2306 1305 2477 1369 vide-

570 1414 681 1471 tur
729 1407 1087 1486 adhaesisse,
1133 1428 1282 1471 eum
1327 1407 1632 1471 omnibus
1679 1415 1931 1471 constet
1984 1408 2157 1492 quod
2204 1429 2479 1492 persona

573 1510 925 1574 Alexandri
969 1510 1298 1584 honestior
1345 1517 1462 1587 est,
1511 1510 1908 1594 prudentior,
1956 1511 2289 1588 literatior,
2350 1511 2474 1573 elo-

575 1612 905 1693 quentior:
953 1632 1147 1676 causa
1192 1613 1330 1696 ejus
1382 1612 1463 1676 ab
1517 1613 1818 1677 omnibus
1870 1612 2021 1677 inde
2069 1612 2475 1677 venientibus

575 1713 897 1791 sincerior,
944 1714 1181 1796 justior
1223 1714 1625 1797 praedicetur.
1716 1715 1804 1778 Et
1852 1716 2139 1799 quamvis
2182 1714 2476 1780 neutrius

573 1817 829 1879 illorum
873 1816 1082 1880 adhuc
1118 1817 1426 1880 nuntium
1466 1824 1579 1880 aut
1621 1818 1932 1901 scriptum
1960 1817 2325 1896 viderimus,
2359 1818 2477 1881 sci-

574 1940 720 1982 mus
749 1925 971 1981 tamen
1000 1918 1153 2002 quia
1180 1939 1403 1982 omnes
1442 1926 1782 1998 nostrates,
1815 1919 1868 1982 si
1897 1927 2105 1983 vester
2132 1940 2480 1984 consensus

577 2021 852 2097 affuerit,
883 2019 1211 2106 proniores
1241 2026 1394 2083 sunt
1432 2020 1503 2084 in
1533 2027 1782 2103 partem
1818 2022 2184 2085 Alexandri.
2274 2022 2479 2085 Audi-

578 2124 784 2186 vimus
815 2129 1033 2186 autem
1063 2122 1234 2204 quod
1262 2122 1610 2206 imperator
1631 2143 1739 2186 vos
1767 2124 1839 2186 in
1867 2131 2119 2206 partem
2144 2124 2482 2187 Octaviani

576 2226 832 2289 trahere
892 2232 1200 2288 conetur:
1278 2225 1387 2287 sed
1446 2224 1633 2301 absit,
1691 2231 1766 2288 ut
1824 2225 1895 2288 in
1953 2232 2141 2289 tanto
2198 2225 2479 2308 periculo
2495 2281 2520 2291 -

578 2328 859 2392 ecclesiae
903 2347 1020 2410 pro
1071 2347 1286 2390 amore
1334 2334 1399 2391 et
1449 2328 1693 2391 honore
1743 2327 2021 2391 hominis
2064 2327 2314 2391 faciatis
2354 2327 2482 2390 nisi

579 2431 751 2513 quod
780 2430 1122 2494 crederetis
1146 2430 1428 2494 Domino
1457 2430 1863 2513 placiturum,
1887 2451 2007 2494 nec
2038 2430 2221 2494 decet
2250 2430 2479 2513 majes-

576 2540 780 2598 tatem
826 2540 1123 2613 vestram,
1173 2534 1227 2596 si
1276 2533 1506 2617 placet,
1558 2540 1635 2597 ut
1685 2533 1755 2596 in
1799 2540 1939 2597 tota
1982 2534 2248 2597 ecclesia
2295 2532 2482 2616 regni

577 2637 771 2701 vestri
829 2636 1276 2720 superponatis
1340 2636 1689 2714 hominem,
1752 2636 1863 2719 qui
1936 2635 2075 2700 sine
2150 2636 2481 2715 electione,

579 2747 654 2803 ut
698 2739 955 2823 publice
999 2740 1253 2816 dicitur,
1302 2738 1440 2802 sine
1485 2737 1694 2821 gratia
1737 2738 2003 2802 Domini
2046 2759 2162 2821 per
2199 2738 2483 2802 favorem

578 2843 773 2906 unius
815 2841 1216 2925 imperatoris
1259 2847 1520 2905 tantum
1564 2842 1876 2905 honorem
1916 2862 2109 2904 ausus
2153 2847 2252 2905 est
2296 2862 2482 2905 occu-

579 2966 751 3028 pare.
870 2943 1046 3007 Nam
1103 2951 1244 3008 tota
1300 2944 1434 3008 fere
1494 2944 1759 3008 ecclesia
1818 2945 2113 3007 Romana
2168 2944 2239 3005 in
2301 2949 2484 3026 parte

580 3047 935 3111 Alexandri
993 3055 1110 3111 est.
1201 3047 1589 3112 Incredibile
1649 3054 1868 3111 autem
1926 3053 2043 3125 est,
2105 3045 2278 3129 quod
2335 3067 2483 3129 pars

580 3151 693 3213 illa
720 3150 921 3232 possit
965 3148 1278 3226 obtinere,
1310 3150 1651 3232 praevalere
1689 3171 1806 3234 per
1832 3149 2163 3213 hominem
2204 3148 2309 3212 cui
2345 3150 2485 3231 jus-

581 3251 730 3315 titia
788 3249 985 3327 deest,
1040 3250 1145 3313 cui
1193 3251 1512 3314 Dominus
1572 3251 1977 3314 adversatur:
2046 3270 2154 3313 eos
2206 3271 2355 3314 vero
2413 3251 2486 3313 in

583 3353 814 3417 humili
866 3373 1018 3416 casu
1064 3353 1483 3436 praevaluisse,
1537 3352 1760 3416 crebra
1815 3352 2154 3415 recolimus
2213 3351 2485 3415 lectione

585 3479 743 3541 quos
777 3455 1111 3520 Gallicana
1152 3456 1395 3538 recepit
1439 3463 1505 3518 et
1539 3455 1698 3519 fovit
1742 3454 2021 3531 eeclesia,
2054 3461 2118 3518 et
2163 3453 2486 3516 infelicem

584 3561 828 3624 exitum
877 3580 1099 3622 eorum
1145 3579 1304 3642 quos
1353 3558 1732 3622 tentationis
1777 3558 2057 3640 impetus
2106 3556 2485 3620 introduxit.

588 3664 697 3727 Sic
724 3663 1147 3727 obtinuerunt
1186 3661 1585 3745 temporibus
1628 3661 1865 3725 nostris
1905 3660 2329 3725 Innocentius
2376 3659 2487 3723 ad·-

585 3787 804 3830 versus
863 3766 1152 3843 Petrum,
1208 3765 1499 3829 Calixtus
1559 3765 1860 3829 adversus
1920 3762 2307 3841 Burdinum,
2358 3762 2485 3825 Ur·
2577 3761 2582 3766 ’

586 3868 794 3932 banus
842 3869 1142 3933 adversus
1187 3868 1578 3945 wibertum,
1621 3867 1948 3931 Paschalis
1992 3867 2291 3931 adversus
2334 3873 2488 3944 tres,

588 3970 951 4051 Albertum,
1004 3972 1467 4055 Maginulfum,
1513 3970 2008 4048 Theodoricum‚
2057 3976 2124 4034 et
2167 3970 2360 4033 multi
2407 3970 2489 4033 si-

590 4071 829 4135 militer
883 4073 955 4134 in
1014 4072 1238 4136 diebus
1288 4080 1568 4156 patrum.
1680 4072 1889 4137 Nobis
1949 4094 2103 4156 ergo
2162 4073 2490 4157 provideat

592 4172 879 4255 dignatio
928 4182 1159 4253 vestra,
1208 4181 1618 4259 vesthue
1668 4175 1739 4238 in
1785 4182 2036 4258 partem
2081 4176 2260 4238 illam
2313 4176 2491 4238 Deus

593 4273 875 4338 declinet
927 4294 1278 4354 assensum,
1331 4298 1481 4360 (με
1525 4277 1798 4362 justitiae
1854 4277 2124 4342 veritati·
2167 4275 2491 4353 innititur,

596 4374 862 4441 Christo
903 4378 1179 4460 propitio
1223 4379 1671 4463 triumphabit,
1711 4388 1784 4444 et*
1829 4380 1884 4444 si
1926 4379 2104 4444 vobis
2148 4378 2379 4461 placet,
2421 4376 2502 4446 in

591 4486 783 4543 tanto
820 4479 1102 4563 periculo
1144 4480 1344 4545 totius
1388 4483 1670 4563 ecclesiae
1709 4481 1991 4559 Domini,
2033 4478 2350 4544 utendum
2394 4485 2493 4544 est
