3200 5392
611 954 749 1000 Aa).
787 935 1180 1017 1161—89.]
1280 954 1611 1006 nms'ronAE
1643 955 1967 1005 QUAEDAM.
2434 939 2520 1001 99

697 1273 1136 1338 EPISTOLA
1182 1236 1981 1338 CCCLXIX.-—nausnnu
2009 1294 2104 1337 An
2135 1294 2436 1337 EUNDEM.

608 1425 966 1487 Alexander
995 1426 1216 1488 tertius
1245 1425 1559 1505 episcopus
1586 1445 1797 1488 servus
1824 1444 2137 1487 servorum
2165 1425 2306 1502 Dei,
2337 1444 2517 1487 vene-

693 1528 882 1590 rabili
894 1526 1102 1608 fratri
1124 1528 1201 1590 R.
1222 1527 1636 1608 Wiyorniensi
1665 1530 1962 1609 episcopm
1981 1528 2243 1590 salutem
2272 1533 2333 1590 et
2363 1548 2508 1609 apo-

692 1628 973 1689 stolicam
1004 1628 1494 1691 benedictionem.

693 1778 1128 1841 Mnmmmus
1168 1799 1286 1841 nos
1328 1800 1404 1841 ex
1447 1785 1631 1862 parte
1669 1785 1787 1842 tua
1827 1780 2243 1861 quaestionem
2284 1780 2506 1864 hujus-

605 1878 782 1941 modi
826 1881 1193 1962 suscepisse,
1227 1881 1463 1945 scilicet
1501 1887 1725 1945 utrum
1764 1882 1858 1945 illi
1899 1884 2014 1967 qui
2058 1905 2124 1947 se
2170 1884 2252 1946 ad
2295 1884 2508 1966 religi-

607 2002 798 2044 onem
838 2002 1053 2046 coram
1093 1983 1385 2067 episcopo
1428 1984 1737 2049 devovent
1776 1987 2184 2065 transituros,
2216 1994 2282 2051 et
2325 1986 2507 2051 habi-

607 2090 750 2145 tum
779 2085 1105 2166 religionis
1137 2087 1512 2168 suscipiunt,
1551 2087 1606 2148 si
1649 2088 2058 2168 postmodum
2088 2108 2318 2151 uxores
2350 2088 2507 2152 dux-

609 2186 798 2261 erint,
831 2186 1102 2267 cogendi
1142 2187 1271 2248 sint
1313 2208 1418 2249 eas
1459 2187 1803 2265 dimittere,
1836 2195 1901 2251 et
1933 2189 2012 2251 ad
2043 2189 2374 2253 ecclesiam
2405 2190 2507 2253 cui

610 2308 677 2350 se
721 2288 1135 2351 contulerunt
1178 2289 1405 2352 redire.
1501 2289 1708 2372 Super
1749 2311 1874 2372 quo
1918 2290 2143 2373 utique
2185 2291 2307 2354 tibi
2352 2290 2508 2354 dux-

608 2389 775 2453 imus
819 2390 1358 2473 respondendum,
1402 2393 1574 2474 quod
1620 2392 1671 2454 si
1719 2393 2055 2475 quisquam
2101 2394 2210 2474 qui
2254 2415 2321 2457 se
2364 2393 2510 2458 reli-

609 2494 784 2577 gioni
825 2493 1094 2573 devovit,
1128 2501 1194 2558 et
1233 2494 1460 2558 habitu
1502 2502 1797 2577 suscepto
1837 2495 2293 2578 professionem
2334 2497 2506 2574 fecit,

607 2598 1017 2678 postmodum
1060 2597 1342 2681 aliquam
1388 2598 1509 2661 sibi
1554 2598 1961 2680 copulaverit,
2009 2605 2105 2662 est
2155 2599 2235 2662 ab
2283 2620 2360 2663 ea
2404 2621 2507 2663 co-

608 2699 856 2782 gendus
908 2699 1224 2778 recedere,
1274 2707 1339 2764 et
1398 2701 1480 2764 ad
1540 2702 1868 2765 ecclesiam
1922 2701 2025 2765 cui
2085 2723 2153 2765 se
2212 2702 2506 2778 contulit,

608 2802 799 2866 debet
839 2803 978 2866 sine
1007 2803 1511 2867 contradictione
1552 2804 1847 2866 transire.
1938 2803 2185 2866 Verum
2231 2804 2285 2866 si
2327 2803 2507 2866 habi-

607 2911 750 2967 tum
793 2925 927 2968 non
971 2905 1268 2987 suscepit,
1308 2924 1429 2967 nec
1473 2903 1951 2985 professionem,
1994 2903 2106 2966 sed
2143 2910 2366 2966 votum
2410 2924 2507 2966 so-

607 3006 936 3070 lummodo
974 3007 1126 3072 fecit
1166 3015 1231 3071 et
1274 3028 1340 3069 se
1380 3006 1462 3069 ad
1500 3006 1879 3089 religionem
1908 3006 2334 3069 transiturum
2363 3027 2506 3087 pro-

607 3110 802 3187 misit,
840 3110 990 3173 licet
1024 3117 1245 3192 postea
1281 3109 1765 3172 matrimonium
1797 3109 2203 3186 contraxerit,
2235 3105 2369 3172 non
2408 3116 2506 3171 est

609 3211 690 3274 ad
721 3211 1051 3275 ecclesiam
1081 3212 1405 3293 cogendus
1434 3212 1728 3288 transire,
1761 3218 1826 3274 et
1864 3211 2256 3275 matrimonii
2286 3219 2505 3275 votum

510 3299 514 3304 ’
607 3312 986 3375 rescindere.
1078 3313 1180 3375 De
1225 3313 1554 3375 monachis
1600 3321 1839 3389 autem,
1874 3313 1984 3394 qui
2020 3313 2281 3376 vicarios
2325 3334 2507 3394 paro-

608 3409 913 3473 chialium
943 3409 1352 3474 ecclesiarum
1391 3410 1462 3471 in
1501 3416 1761 3472 tantum
1792 3417 2080 3490 gravant,
2112 3418 2186 3472 ut
2225 3411 2507 3492 hospita-

605 3513 859 3576 litatem
898 3520 1119 3576 tenere
1159 3533 1293 3575 non
1332 3509 1598 3593 possint,
1647 3529 1765 3572 nec
1810 3508 2147 3572 honestam
2188 3515 2505 3571 sustenta-

603 3616 850 3680 tionem
889 3615 1143 3693 habere,
1177 3635 1320 3677 eam
1360 3634 1581 3676 curam
1629 3619 1695 3676 et
1737 3610 2205 3694 providentiam
2247 3609 2504 3690 habeas,

607 3718 777 3801 quod
823 3718 904 3781 ad
949 3715 1512 3800 praesentationem
1553 3714 2018 3778 monachorum
2058 3714 2310 3777 nullum
2350 3714 2508 3778 reci-

605 3820 762 3903 pias,
803 3821 930 3884 nisi
974 3820 1032 3883 ei
1075 3825 1337 3883 tantum
1378 3818 1457 3881 de
1496 3816 1823 3882 beneficiis
1866 3816 2145 3881 ecclesiae
2185 3837 2399 3881 eoram
2443 3824 2508 3881 te

606 3925 801 3990 fuerit
846 3925 1264 4007 assignatum,
1295 3922 1471 3985 unde
1508 3923 1659 4006 jura
1701 3921 2079 4003 episcopalia
2122 3922 2320 4004 possit
2363 3941 2505 4004 per-

609 4027 867 4106 solvere,
916 4033 983 4091 et
1028 4047 1408 4109 congruam·
1425 4032 1618 4107 atque
1664 4023 2084 4087 sufficientem
2132 4026 2504 4089 sustentati-

610 4148 799 4191 onem
836 4128 1093 4192 habere.
1189 4127 1325 4191 Illis
1365 4126 1563 4189 etiam
1609 4124 2063 4204 sacerdotibus,
2097 4125 2328 4208 quibus
2367 4147 2407 4190 a
2440 4134 2506 4190 te

609 4229 710 4292 vel
765 4229 1332 4312 praedecessoribus
1383 4228 1513 4292 tuis
1571 4228 1643 4290 in
1704 4227 1981 4291 ecclesiis
2047 4229 2509 4292 monachorum

609 4354 764 4397 cura
802 4334 1161 4396 animarum
1202 4340 1298 4397 est
1340 4332 1698 4409 commissa,
1731 4352 1874 4394 eam
1915 4331 2289 4394 subtrahere
2328 4336 2506 4412 pote-

608 4435 769 4513 ritis,
803 4435 926 4498 nisi
965 4435 1116 4518 ipsis
1157 4457 1196 4499 a
1234 4435 1565 4517 monachis
1604 4434 1877 4498 honesta
1915 4442 1982 4498 et
2023 4433 2340 4496 sufficiens
2371 4453 2505 4495 sus-

609 4538 885 4602 tentatio
914 4538 1108 4602 fuerit
1144 4538 1487 4621 assignata,
1520 4544 1586 4600 et
1615 4537 1685 4600 in
1712 4537 1814 4600 his
1843 4537 1937 4600 ita
1964 4535 2304 4618 provisum,
2338 4535 2510 4618 quod

1497 4658 1542 4700 n
1577 4642 1630 4705 2.
