3200 5392
752 802 883 868 312
1173 826 1217 869 A
1252 850 1471 870 .....
1506 825 1779 870 anunm
1811 821 2232 874 mancos-uu

750 942 1039 1007 eoclesioe
1082 937 1524 1008 cluniacensis
1566 942 1638 1006 in
1682 942 1986 1022 Oriente3
2030 944 2102 1008 in
2146 942 2380 1028 quibus
2421 963 2574 1009 eum
2618 964 2659 1007 a

751 1052 966 1110 vestra
994 1044 1389 1110 sublimitate
1427 1045 1707 1130 petimus
1736 1045 2083 1129 benignius
2111 1046 2400 1111 exaudiri
2428 1053 2495 1111 et
2524 1046 2657 1110 effi-

748 1148 967 1213 cacius
1038 1149 1415 1232 promoveri.
1525 1148 1816 1212 Gloriam
1873 1157 2149 1214 vestram
2203 1149 2290 1214 ad
2346 1149 2658 1214 honorem

748 1272 949 1315 suum
999 1250 1069 1314 in
1119 1251 1316 1335 longa
1365 1257 1658 1333 tempora
1702 1259 2070 1335 promoveat
2121 1260 2188 1317 et
2237 1259 2501 1317 tueatur
2541 1272 2658 1315 rex

754 1375 982 1437 regum
1010 1359 1078 1418 et
1108 1352 1586 1419 dominantium
1618 1353 1958 1419 Dominus.

788 1671 1230 1738 EPISTOLA
1274 1672 1599 1736 DIX.—A
1639 1718 1860 1735 .....
1898 1690 2167 1735 anema
2201 1690 2620 1735 rnAnconma

1394 1794 1484 1837 an
1517 1794 1718 1837 Anax.
1753 1794 2003 1838 uun.

756 1925 1156 1989 Sancti-'simo
1187 1925 1428 1990 domino
1459 1931 1519 1988 et
1549 1925 1735 2006 patri
1769 1925 2089 1988 carissimo
2116 1923 2499 2003 Alemandm,
2531 1926 2654 1989 Dei

754 2011 761 2016 ³
829 2030 1047 2110 qratia
1086 2048 1318 2091 summo
1348 2027 1657 2110 pontifici,
1698 2028 1947 2090 humilis
1984 2032 2045 2090 et
2089 2027 2307 2090 devota
2333 2027 2483 2108 filia
2526 2030 2656 2109 ejus

833 2133 894 2195 Α
924 2177 940 2195 .
968 2179 982 2195 .
1017 2179 1033 2194 .
1070 2180 1084 2194 .
1123 2179 1136 2194 .
1167 2132 1385 2213 reyina
1406 2131 1809 2209 Francorum,
1840 2132 2118 2208 salutem,
2142 2137 2203 2194 et
2231 2151 2369 2194 cum
2396 2132 2652 2194 sincen-

834 2240 964 2298 tate
988 2234 1198 2298 cordis
1227 2233 1506 2297 devotum
1535 2233 1903 2315 obsequium.

833 2384 1054 2448 Voms
1084 2385 1250 2449 sicut
1278 2382 1448 2467 patri
1476 2384 1704 2466 loquar
1725 2390 1791 2448 et
1822 2382 2101 2462 domin0,
2126 2384 2309 2468 cujus
2339 2382 2647 2447 honorem

746 2487 1046 2551 dominus
1074 2508 1258 2551 meus
1286 2506 1418 2565 rex,
1449 2493 1518 2550 et
1546 2506 1687 2568 ego,
1712 2493 1779 2550 et
1807 2492 2019 2549 totum
2049 2507 2322 2570 regnum
2353 2492 2648 2549 nostrum

745 2588 1180 2653 desideramus
1218 2595 1295 2653 ut
1334 2588 1699 2672 proprium:
1748 2587 1899 2671 quia
1937 2594 2145 2652 vester
2185 2587 2390 2652 honor
2427 2593 2649 2651 noster

745 2699 863 2770 est,
908 2698 976 2756 et
1018 2692 1308 2757 confusio
1351 2698 1581 2769 vestra,
1628 2712 1823 2775 quam
1867 2692 2046 2755 Deus
2097 2697 2362 2770 avertat,
2405 2697 2647 2755 nostra.

746 2793 879 2860 Qui
907 2815 1016 2859 vos
1043 2794 1116 2858 in
1143 2800 1394 2879 patrem
1424 2794 1821 2877 suscepimus
1850 2801 1917 2858 et
1947 2794 2302 2873 dominum,
2333 2800 2400 2859 et
2427 2794 2500 2857 in
2529 2794 2647 2858 cir-

744 2897 925 2961 cuitu
963 2905 1185 2963 nostro
1219 2898 1636 2962 frementium
1670 2919 1918 2980 regum,
1949 2907 2016 2963 et
2061 2899 2344 2963 animam
2373 2905 2647 2962 vestram

743 3000 1192 3082 quaerentium,
1222 3021 1340 3083 pro
1374 3001 1516 3064 Deo
1559 3006 1627 3064 et
1666 3000 1846 3064 vobis
1888 3000 2390 3085 contempsimus
2432 2999 2647 3063 inimi-

743 3101 945 3166 citias.
1034 3101 1278 3166 Audite
1317 3123 1489 3185 ergo,
1532 3102 1587 3166 si
1629 3102 1863 3185 placet,
1905 3103 2101 3166 filiam
2141 3110 2437 3182 vestram,
2474 3111 2540 3167 et
2580 3103 2652 3166 in

742 3225 819 3269 eo
863 3205 1036 3288 quod
1073 3206 1324 3269 dictura
1366 3228 1530 3284 sum,
1562 3227 1697 3270 non
1739 3227 1959 3269 sexum
1994 3207 2422 3269 contemnatis
2466 3207 2647 3269 femi-

741 3329 960 3386 neum,
994 3307 1104 3372 sed
1146 3309 1423 3374 amantis
1459 3308 1809 3374 attendatis
1850 3308 2169 3373 affectum.
2261 3311 2459 3373 Anno
2487 3330 2646 3393 prae·

737 3411 932 3475 terito
977 3411 1424 3494 gravissimum
1467 3412 1538 3475 in
1582 3411 1850 3477 ecclesia
1893 3412 2231 3476 Gallicana
2274 3412 2645 3476 scandalum

740 3514 893 3578 fecit
923 3514 966 3576 J
966 3535 1209 3579 oannes
1252 3515 1331 3580 de
1362 3514 1748 3594 oxeneford,
1780 3516 1897 3601 qui
1939 3535 2055 3578 suo
2094 3515 2373 3599 perjurio
2404 3515 2483 3578 de
2513 3514 2644 3577 Ro-

740 3638 935 3681 mana
977 3623 1113 3681 tam
1150 3617 1336 3681 facile
1380 3618 1802 3701 triumphavit
1847 3618 2132 3682 ecclesia.
2223 3616 2442 3680 Secuti
2490 3622 2644 3679 sunt

739 3741 889 3783 eum
925 3720 1299 3799 cardinales,
1332 3743 1603 3803 quorum
1639 3720 1812 3787 bona
1855 3743 2049 3805 opera
2090 3719 2380 3784 nondum
2423 3718 2646 3782 audita

738 3830 893 3885 sunt
935 3822 1008 3884 in
1051 3828 1225 3886 terra
1267 3829 1507 3901 nostra,
1545 3829 1614 3887 et
1656 3825 1908 3888 utinam
1955 3824 2127 3888 mala
2169 3822 2424 3887 silentio
2466 3830 2644 3905 tege-

738 3929 983 3986 rentur.
1074 3924 1271 3988 Unde
1301 3932 1368 3988 et
1398 3925 1701 3989 scandala
1727 3926 2156 4010 multiplicata
2184 3934 2358 3990 sunt.
2448 3927 2646 3989 Nunc

737 4029 956 4087 autem
984 4045 1100 4108 per
1127 4024 1504 4090 novissimos
1545 4048 1695 4092 suos
1732 4029 2004 4093 nuncios
2042 4028 2329 4092 obtinuit
2369 4050 2483 4092 rex
2508 4029 2646 4091 An-

738 4126 884 4211 gliae
910 4128 1150 4206 literas,
1183 4129 1238 4194 si
1273 4136 1493 4194 tamen
1530 4131 1909 4196 adulteratae
1948 4154 2083 4196 non
2124 4142 2298 4209 sunt,
2332 4139 2644 4215 patenteS‚

735 4231 970 4313 quibus
1030 4231 1366 4310 statuistis,
1427 4240 1504 4296 ut
1565 4231 2052 4297 cantuariensis
2115 4231 2648 4316 archiepiscopus,

737 4335 848 4418 qui
867 4337 1006 4419 jam
1037 4336 1463 4419 quadriennio
1490 4359 1609 4421 pro
1636 4338 1895 4421 justitia
1924 4338 2223 4414 exulavit,
2256 4338 2647 4402 sententiam

732 4436 898 4499 ferre
927 4458 1061 4500 non
1091 4438 1291 4519 possit
1326 4438 1396 4502 in
1426 4460 1595 4515 eum,
1631 4440 1728 4503 vel
1767 4441 1836 4503 in
1866 4449 2103 4503 terram
2151 4441 2309 4522 ejus,
2343 4462 2463 4504 nec
2504 4461 2644 4521 gra-
