3200 5392
696 754 785 818 38
1312 769 1636 815 suasam
1671 769 1976 814 sr1scor1

698 908 864 964 mus,
911 906 1062 950 cum
1112 883 1512 967 supplicante
1561 883 1984 967 postulamus,
2032 888 2109 946 ut
2157 881 2475 946 directum
2524 877 2607 941 ad

700 988 1110 1054 sanctitatem
1153 994 1431 1051 vestram
1476 987 1616 1071 ejus
1659 986 1966 1050 nuntium
2011 984 2293 1069 benigne
2344 980 2607 1064 suscipi-

701 1091 845 1170 atis,
877 1096 944 1155 et
971 1110 1058 1154 ne
1085 1089 1500 1173 possessionis
1530 1109 1664 1153 suae
1693 1109 1821 1171 qua
1846 1087 2203 1151 multorum
2241 1082 2611 1149 necessitati

703 1192 1022 1271 subvenit,
1070 1190 1532 1256 detrimentum
1578 1191 1914 1267 sustineat,
1948 1195 2266 1273 quantum
2309 1186 2611 1271 permise-

711 1295 799 1359 rit
821 1292 1099 1378 justitia,
1129 1299 1419 1377 paterna,
1449 1292 1505 1356 si
1532 1292 1764 1375 placet,
1796 1292 2010 1374 gratia
2034 1289 2443 1374 provideatis.

1106 1578 1551 1645 EPISTOLA
1597 1580 1964 1643 (Χῖα-ΑΙ)
2000 1624 2221 1642 .....

771 1732 1046 1795 Salutem
1074 1737 1138 1795 et
1165 1730 1434 1794 debitum
1463 1750 1597 1794 cum
1630 1731 1794 1794 omni
1823 1729 2137 1792 devotione
2150 1726 2557 1809 famulatum.

801 1881 1161 1960 Duncrlo,
1193 1879 1623 1959 dilectissime,
1655 1886 1721 1944 et
1764 1878 2026 1942 honoris
2066 1875 2393 1954 exhibitio,
2425 1895 2618 1957 quam

713 2004 753 2048 a
801 1983 1022 2047 multis
1072 1990 1247 2048 retro
1299 1982 1486 2047 annis
1537 1982 1700 2046 mihi
1759 1981 2130 2064 impendere
2183 2001 2317 2043 non
2369 1976 2619 2041 destitit

717 2087 1095 2152 excellentia
1152 2095 1381 2164 vestra,
1442 2107 1584 2149 eam
1643 2086 1714 2149 in
1771 2107 1879 2148 vos
1940 2084 2346 2148 affectionem
2408 2101 2621 2144 meam

715 2213 894 2273 prom
903 2197 1231 2268 eruerunt,
1286 2195 1361 2252 ut
1420 2196 1486 2253 et
1546 2208 1967 2272 quaecumque
2025 2186 2252 2250 vestris
2313 2205 2426 2247 seu
2484 2204 2621 2247 ves-

716 2300 965 2355 trorum
1026 2291 1376 2356 commodis
1450 2298 1563 2352 aut
1635 2289 1866 2352 honori
1924 2287 2243 2350 credimus
2303 2284 2619 2367 expedire,

716 2394 895 2456 omni
941 2393 1154 2457 studio
1202 2399 1268 2454 et
1315 2391 1652 2454 conamine
1698 2396 2010 2472 tanquam
2058 2388 2315 2471 propria
2361 2387 2623 2469 negotia

716 2494 948 2558 merito
993 2494 1260 2558 debeam
1301 2512 1663 2574 procurare.
1755 2491 1922 2556 Inde
1953 2491 2267 2573 siquidem
2300 2497 2417 2568 est,
2451 2489 2623 2573 quod

718 2597 773 2661 si
804 2596 1102 2659 dominus
1134 2593 1332 2658 abbas
1363 2593 1860 2658 sollicitudinem
1898 2600 2176 2657 vestram
2217 2593 2386 2656 circa
2424 2613 2621 2674 nego-

716 2698 883 2761 tium
912 2696 1035 2760 hoc
1064 2696 1478 2759 affectuosam
1510 2695 1910 2779 compererit,
1941 2715 2062 2759 nec
2090 2696 2280 2774 volet,
2304 2701 2380 2758 ut
2411 2694 2621 2772 credo,

717 2820 839 2863 nec
890 2798 1153 2862 audebit
1204 2803 1429 2861 vestrae
1479 2797 1795 2860 contraire
1845 2798 2182 2862 voluntati.
2273 2800 2371 2862 Eo
2424 2798 2623 2861 etiam

720 2901 1069 2966 studiosius
1112 2899 1265 2962 huic
1308 2899 1570 2981 negotio
1614 2898 1909 2963 insistere
1955 2899 2281 2978 debeatis,
2302 2900 2474 2983 quod
2517 2899 2626 2962 alii

716 3003 901 3067 istius
948 3002 1252 3084 exemplis
1295 3001 1569 3079 incitati,
1612 3001 1920 3065 libentius
1966 3022 2034 3065 se
2076 3003 2302 3065 vestris
2346 3002 2625 3066 consiliis

720 3104 1149 3183 committent,
1190 3103 1300 3188 qui
1342 3103 1541 3167 istum
1586 3103 1865 3168 viderint
1911 3104 1983 3168 in
2022 3105 2131 3188 jus
2179 3126 2369 3168 suum
2420 3110 2627 3168 vestro

714 3209 1044 3292 juvamine
1070 3196 1211 3272 ⁸esse
1242 3214 1629 3291 promotum.
1691 3207 1943 3272 Valete.

1101 3493 1547 3557 EPISTOLA
1592 3494 2000 3558 CCCL—xn
2038 3540 2258 3557 .....

818 3643 973 3709 Quo
1002 3664 1200 3726 penes
1239 3649 1518 3706 vestram
1558 3643 1970 3709 dilectissime
2009 3642 2456 3707 celsitudinem
2484 3665 2632 3708 nos·

725 3753 831 3809 tra
886 3745 1020 3825 fere
1076 3745 1259 3808 nulla
1317 3751 1471 3809 sunt
1522 3746 1772 3825 merita,
1822 3768 1899 3811 eo
1948 3746 2335 3810 beneficium
2387 3747 2634 3829 gratius

727 3848 1171 3925 aestimabitur,
1203 3848 1374 3931 quod
1404 3849 1849 3913 munificentia
1880 3857 2095 3913 vestra
2133 3849 2282 3912 solis
2320 3848 2635 3912 inclinata

725 3950 1023 4034 precibus
1060 3950 1407 4014 exhibebit.
1499 3951 1700 4015 Lator
1728 3951 1834 4014 hic
1861 3952 2297 4034 praesentium,
2331 3951 2537 4015 affinis
2567 3959 2633 4016 et

726 4054 1060 4121 familiaris
1106 4061 1345 4132 noster,
1391 4054 1654 4118 tuitioni
1701 4061 1927 4119 vestrae
1978 4076 2093 4138 per
2143 4075 2260 4118 nos
2309 4075 2635 4123 commen-

729 4156 868 4220 dari
931 4156 1269 4235 desiderat,
1331 4177 1592 4240 sperans
1654 4157 1775 4219 sibi
1835 4176 2199 4220 successum
2259 4158 2522 4240 optime,
2585 4159 2639 4222 si

728 4258 907 4322 vobis
966 4258 1461 4341 obsequentium
1513 4279 1661 4322 eum
1714 4278 1986 4322 numero
2036 4258 2246 4323 velitis
2300 4262 2636 4339 ascribere,

732 4365 797 4422 et
841 4379 990 4422 eum
1025 4380 1174 4423 vero
1214 4359 1422 4422 multa
1460 4365 1525 4422 et
1567 4359 1767 4422 animi
1805 4358 2175 4440 liberalitas,
2208 4368 2272 4424 et
2302 4362 2635 4427 literarum
