3200 5392
753 809 885 872 308
1534 827 1856 871 Anonnn

754 941 1300 1025 archiepiscopum
1330 985 1339 992 -
1372 941 1885 1006 amantissimum
1942 941 2149 1005 filium
2206 947 2486 1005 vestrum
2548 940 2656 1003 de-

752 1043 952 1108 vincti
993 1065 1199 1128 pauca
1241 1043 1418 1108 vobis
1460 1064 1576 1127 pro
1620 1043 1757 1126 ipso
1801 1042 2157 1120 scribimus,
2203 1049 2270 1107 et
2314 1050 2540 1107 tamen
2584 1043 2656 1112 in

755 1143 976 1228 paucis
1006 1145 1161 1211 satis
1190 1166 1329 1210 esse
1360 1144 1604 1210 dictum
1635 1144 1911 1228 sapienti
1937 1144 2380 1227 intelligimus,

834 1455 839 1462 ’
965 1465 1406 1530 EPISTOLA
1453 1465 1991 1529 DV.—nmsm·:1u
2018 1483 2113 1527 An
2142 1483 2441 1528 EUNDEM.

1007 1614 1367 1679 Alexandro
1383 1635 1570 1696 papoe
1602 1614 1947 1678 Ludovictw
1973 1634 2089 1677 reoe
2117 1614 2411 1677 Ε’ναηοίω.

855 1765 1186 1828 Tnnsnus
1244 1764 1513 1827 firmiter
1569 1773 1638 1829 ct
1694 1765 2052 1843 recolimus,
2103 1763 2271 1848 quod
2328 1762 2663 1826 dominum

770 1869 1321 1948 Cantuariensem,
1368 1869 1576 1933 virum
1634 1870 1997 1953 probatum,
2049 1892 2166 1954 pro
2224 1869 2487 1934 ccclesia
2536 1868 2667 1933 Dei

770 1972 1032 2036 exilium
1073 1972 1411 2053 ferentem,
1459 1972 1647 2037 nobis
1692 1994 1808 2057 per
1852 1994 2119 2038 manum
2163 1972 2515 2036 tradidistis
2541 1978 2668 2036 :et

770 2096 889 2140 nos
934 2094 1084 2139 eum
1128 2074 1295 2140 sicut
1338 2076 1861 2140 commendatum
1904 2082 2187 2139 vestrum
2232 2075 2564 2153 habemus»,
2603 2081 2669 2137 et

772 2199 907 2242 non
946 2184 1263 2261 quantum
1306 2178 1597 2241 volumus
1643 2179 1770 2262 ipsi
1811 2178 2198 2262 proficimuS,
2239 2177 2351 2240 sed
2394 2178 2672 2241 libenter

778 2286 846 2345 et
897 2302 975 2344 ex
1021 2280 1255 2345 devoto
1302 2280 1490 2344 corde
1537 2301 1689 2344 eum
1731 2281 2141 2345 honoramus.
2234 2278 2674 2344 Recordamur

775 2385 991 2462 etiam,
1039 2383 1190 2467 quia
1239 2384 1451 2466 ipsum
1501 2383 1574 2446 in
1625 2383 1906 2447 discessu
1951 2392 2161 2448 vestro
2199 2383 2672 2448 commendavi·-

777 2507 922 2549 mus
951 2484 1148 2564 vobis,
1180 2492 1249 2549 et
1277 2506 1428 2550 cum
1470 2508 1711 2569 magna
1753 2507 2016 2570 precum
2058 2486 2374 2549 instantia
2415 2485 2671 2568 peteba-

776 2609 942 2665 mus,
972 2593 1048 2650 ut
1091 2608 1242 2651 eum
1284 2589 1601 2666 foveretis,
1633 2597 1710 2653 ut
1749 2610 1897 2653 eum
1939 2590 2191 2653 exulem
2231 2596 2515 2653 vestrum
2552 2587 2672 2651 mi-

779 2690 1177 2753 sericorditer
1218 2692 1637 2773 respiceretis.
1731 2692 1859 2756 Sed
1910 2692 2076 2756 sicut
2124 2691 2379 2769 dicitur,
2418 2698 2485 2755 et
2529 2712 2675 2754 nos-

779 2799 948 2856 tram
1007 2794 1633 2858 commendationem
1683 2802 1749 2858 et
1800 2793 2065 2857 exilium
2123 2794 2262 2876 ejus
2319 2793 2677 2877 postposuit

781 2894 1141 2959 sollicitudo
1191 2902 1421 2961 vestra.
1528 2896 1760 2960 Sciatis
1812 2904 2031 2961 autem
2077 2897 2248 2980 quod
2300 2896 2490 2959 nimis
2541 2904 2677 2959 tur-

778 2996 933 3062 bato
973 2998 1188 3062 animo
1226 3008 1627 3082 portaremus
1667 3021 1761 3078 ea,
1795 3021 1937 3083 quae
1976 2999 2282 3063 dicuntur
2310 3000 2481 3062 facta
2520 3019 2675 3077 esse,

781 3095 947 3164 sicut
983 3100 1055 3164 in
1095 3095 1519 3180 Normannia,
1551 3111 1618 3167 et
1655 3102 1726 3166 in
1755 3095 2014 3186 Anglia,
2046 3110 2112 3166 et
2156 3102 2347 3166 etiam
2378 3102 2449 3165 in
2481 3103 2678 3165 Fran-

778 3201 880 3266 cia
917 3203 1321 3285 praedicatur,
1361 3205 1485 3268 nisi
1531 3205 1754 3268 eadem
1800 3205 2142 3268 emendare
2188 3212 2507 3287 satageret
2546 3225 2679 3266 ves·

780 3311 885 3368 tra
936 3305 1286 3370 sinceritas.
1379 3306 1611 3370 Sciatis
1663 3307 1856 3370 etiam
1910 3305 2080 3390 quod
2129 3306 2321 3369 multi
2373 3303 2680 3370 scandali-

782 3414 1033 3487 zantur,
1076 3415 1142 3473 et
1183 3408 1254 3471 in
1299 3430 1376 3473 eo
1419 3402 1591 3491 quod
1635 3409 1879 3472 factum
1923 3428 2060 3471 esse
2104 3401 2358 3484 dicitur,
2402 3408 2681 3491 paterni-

781 3516 986 3574 tatem
1016 3516 1292 3574 vestram
1329 3512 1587 3596 culpare
1618 3519 1684 3575 et
1713 3517 1939 3574 notare
1969 3531 2101 3573 non
2133 3509 2451 3573 dubitant.
2540 3510 2682 3573 Nos

781 3610 904 3694 ipsi
945 3611 1289 3676 admodum
1330 3612 1748 3695 indignantes
1787 3613 2115 3690 miramur,
2148 3618 2214 3675 et
2251 3610 2453 3693 magis
2489 3611 2681 3675 mira-

782 3710 1017 3790 bimur,
1057 3712 1183 3775 nisi
1227 3711 1564 3796 integritas
1603 3721 1816 3777 vestra
1858 3735 1952 3791 ea,
1985 3735 2127 3797 quae
2170 3713 2489 3790 dicuntur,
2520 3713 2683 3776 falsa

784 3832 920 3875 esse
968 3813 1338 3878 ostenderit.
1429 3816 1517 3879 Et
1567 3836 1688 3898 pro
1734 3815 1935 3898 ipsius
1986 3832 2272 3898 personae
2318 3811 2685 3878 calamitate

782 3919 918 3976 tam
972 3913 1184 3996 longa,
1234 3921 1300 3977 et
1358 3935 1476 3998 pro
1532 3916 1819 3979 tollenda
1868 3916 2135 3980 infamia
2182 3916 2308 3979 ista
2357 3916 2685 4000 expediret

783 4013 965 4077 vobis
995 4022 1061 4079 et
1092 4011 1304 4094 curiae,
1337 4017 1407 4079 in
1436 4016 1615 4081 brevi
1646 4018 1969 4101 quidpiam
2006 4025 2071 4083 et
2102 4039 2294 4102 super
2322 4019 2443 4081 hoc
2476 4019 2686 4082 facere

786 4134 865 4178 ex
907 4136 1072 4179 novo
1115 4124 1193 4180 et,
1211 4116 1392 4180 virili
1435 4118 1719 4183 consilio.
1760 4165 1769 4177 .
1810 4119 2020 4202 Loqui
2062 4121 2389 4202 prolixius,
2427 4130 2493 4185 et
2536 4121 2685 4185 edo-

785 4234 929 4277 cere
946 4219 951 4226 ’
968 4211 1352 4298 sapientiam
1390 4226 1669 4280 vestram
1709 4218 1894 4282 nobis
1931 4217 2361 4302 imputabitur
2398 4220 2483 4284 ad
2523 4217 2685 4302 praess

780 4317 1239 4398 sumptionem,
1273 4317 1421 4400 quia
1449 4318 1518 4381 in
1551 4319 1767 4402 paucis
1797 4327 2050 4383 constat
2090 4321 2245 4383 satis
2276 4323 2413 4384 esse
2442 4320 2687 4383 dictum

785 4415 1078 4496 sapienti.
