3200 5392
709 784 842 847 250
1427 798 1899 843 nrlscorontm

705 914 995 981 dominio
1025 935 1142 981 suo
1170 914 1241 979 in
1262 935 1417 979 usus
1439 920 1680 979 vestros
1708 912 2108 990 contulisset,
2133 918 2209 976 ut
2240 913 2331 978 sic
2360 914 2614 998 propria

711 1041 828 1083 sua
857 1019 940 1082 ad
979 1039 1046 1082 se
1085 1018 1390 1082 redirent.
1480 1016 1763 1081 Necesse
1793 1016 2054 1100 quidem
2083 1016 2355 1095 habetis,
2388 1039 2612 1085 secun-

708 1122 866 1185 dum
899 1120 1070 1205 quod
1113 1141 1392 1203 praesens
1435 1119 1742 1202 temporis
1787 1125 1993 1182 status
2029 1119 2214 1182 nobis
2259 1120 2371 1183 dat
2412 1121 2612 1204 conji-

711 1246 874 1303 cere,
906 1224 1182 1315 fortunae
1220 1230 1465 1301 vestrae,
1510 1222 2019 1305 quibuscumque
2058 1222 2264 1285 modis
2302 1224 2610 1306 poteritiS,

710 1327 1062 1409 consulere,
1105 1333 1184 1390 ut
1225 1325 1501 1391 inimicis
1545 1326 1771 1389 vestris
1816 1326 1898 1391 ad
1945 1348 2130 1391 suam
2173 1327 2610 1393 confusionem

710 1430 1059 1494 videamini
1107 1429 1189 1492 ad
1241 1435 1827 1512 quantamcumque
1877 1428 2073 1513 hujus
2133 1430 2305 1493 exilii
2359 1430 2608 1512 patien-

710 1533 871 1597 tiam
921 1553 1058 1597 esse
1108 1530 1387 1615 paratus.
1479 1532 1693 1610 Unde,
1748 1539 1823 1594 ut
1883 1531 2112 1615 saepius
2163 1531 2609 1596 discretionem

713 1642 989 1700 vestram
1030 1634 1372 1717 diligenter
1411 1635 1946 1712 commonuimus,
1979 1635 2187 1698 adhuc
2229 1635 2424 1697 etiam
2468 1657 2611 1717 per-

711 1738 980 1803 suadere
1019 1738 1437 1816 intendimus,
1482 1744 1559 1800 ut
1600 1737 1723 1816 his,
1770 1738 2003 1821 quibus
2048 1759 2259 1802 carere
2302 1739 2609 1821 poteritis»,

710 1863 821 1906 vos
879 1842 1256 1919 exoneretis,
1311 1841 1394 1904 ad
1443 1841 1752 1924 temporis
1811 1841 2126 1904 malitiam
2184 1842 2609 1924 respicienteS,

710 1967 853 2030 quae
913 1946 1089 2010 vobis
1148 1946 1231 2009 ad
1290 1945 1545 2028 propria
1600 1944 1854 2008 facilem
1912 1947 2014 2008 vel
2070 1945 2275 2008 citum
2331 1947 2614 2011 reditum

705 2048 977 2114 minime
1014 2048 1426 2132 repromittit.
1521 2046 1698 2111 Scire
1739 2055 1957 2111 autem
1985 2054 2200 2111 vestra
2239 2048 2431 2112 debet
2466 2071 2613 2132 pru-

703 2152 949 2231 dentia,
983 2151 1152 2234 quod
1190 2172 1384 2215 nemo
1419 2158 1536 2227 est,
1565 2151 1684 2235 qui
1714 2151 1890 2214 vobis
1931 2150 2015 2213 ad
2052 2150 2478 2233 ignominiam
2517 2173 2611 2214 re-

710 2262 915 2339 putet,
970 2255 1023 2317 si
1074 2253 1375 2336 praeseuti
1427 2253 1628 2315 statui
1678 2274 1788 2315 vos
1839 2252 2332 2331 conformanteS,
2387 2254 2500 2317 sed
2549 2261 2615 2318 et

707 2358 932 2421 domui
974 2357 1303 2439 religiosae,
1346 2377 1490 2438 quae
1534 2376 1643 2419 vos
1687 2356 1966 2432 exhibet,
2011 2355 2612 2441 condescendenteS,

701 2458 1040 2524 moderato
1099 2465 1166 2522 et
1222 2459 1580 2522 necessario
1636 2466 1773 2521 tam
1835 2458 2364 2541 equitaturarum,
2418 2480 2612 2541 quam

705 2581 1124 2644 personarum
1183 2581 1453 2623 numero
1518 2561 1811 2624 contenti
1871 2581 2006 2623 esse
2063 2559 2289 2622 velitis.
2400 2560 2612 2624 Nosse

707 2670 930 2729 autem
967 2684 1076 2727 vos
1107 2665 1421 2741 volumus,
1456 2665 1762 2747 quoniam
1806 2685 1846 2727 a
1886 2662 2112 2746 regina
2150 2684 2270 2727 nec
2300 2662 2612 2727 auxilium

705 2787 831 2833 nec
874 2767 1213 2831 consilium
1258 2788 1509 2848 sperare
1554 2769 1842 2850 potestis,
1888 2767 2165 2829 maxime
2209 2787 2357 2830 cum
2402 2774 2613 2830 totum

710 2870 1046 2935 consilium
1080 2892 1269 2934 suum
1306 2871 1379 2932 -in
1412 2870 1830 2953 Radulphum
1871 2870 1951 2933 de
1982 2870 2154 2948 Faia,
2188 2871 2297 2952 qui
2328 2892 2435 2933 vos
2479 2891 2613 2934 non

706 2974 922 3036 minus
981 2973 1168 3037 solito
1235 2973 1659 3056 persequitur,
1721 2972 2085 3037 contulerit.
2201 2973 2610 3056 Singulisque

711 3074 939 3140 diebus
1007 3077 1231 3140 multae
1298 3082 1710 3140 succrescunt
1775 3076 2325 3159 praesumptiones,
2388 3078 2615 3160 quibus

710 3180 907 3245 fidem
949 3181 1090 3244 fieri
1132 3202 1317 3263 posse
1364 3179 1631 3258 videtur,
1679 3179 1851 3264 quod
1896 3180 2182 3259 infamia,
2228 3181 2416 3264 cujus
2460 3182 2614 3245 alias

705 3284 1141 3363 meminimus,
1172 3285 1427 3348 veritati
1465 3283 1747 3348 accedat.
1837 3283 1940 3346 De
1976 3290 2208 3347 caetero
2236 3284 2318 3347 de
2346 3285 2614 3348 rumori-

707 3387 851 3465 bus,
885 3409 1042 3471 quos
1074 3387 1154 3451 ab
1177 3387 1418 3469 Anglia
1445 3387 1728 3450 referent
1760 3386 1839 3449 ad
1869 3387 2163 3467 reginam
2193 3407 2233 3449 a
2259 3408 2410 3467 rege
2440 3407 2608 3449 com-

710 3497 1021 3568 meantes,
1047 3490 1157 3572 qui
1186 3496 1433 3571 partem
1458 3511 1641 3553 suam
1667 3489 2079 3571 magnificare
2103 3489 2412 3565 videntur,
2438 3486 2612 3551 vobis

709 3592 1186 3656 communicare
1229 3614 1567 3674 possumus
1612 3593 1770 3656 hos:
1819 3592 2059 3655 scilicet
2104 3590 2295 3674 quod'
2317 3591 2614 3653 dominus

710 3716 824 3757 rex
861 3696 997 3777 jam
1043 3695 1324 3758 secundo
1368 3717 1517 3759 cum
1560 3694 1996 3759 Wallensibus
2036 3716 2434 3776 congr-essue,
2478 3694 2612 3773 sed,

713 3801 791 3858 ut
836 3794 1211 3876 gloriantur,
1245 3816 1351 3859 eos
1395 3818 1756 3878 aggressuS,
1786 3799 1930 3861 illos
1974 3797 2282 3876 confudit,
2315 3804 2381 3862 et
2424 3798 2617 3861 innu-

713 3918 959 3962 meram
1003 3897 1083 3961 de
1122 3898 1362 3962 eisdem
1406 3901 1896 3965 multitudinem
1939 3902 2282 3965 interfecit.
2372 3902 2621 3983 Regem

714 4022 863 4066 vero
895 4001 1078 4065 aiunt
1108 4000 1188 4065 de
1219 4003 1349 4066 suis
1387 4025 1625 4088 paucos
1656 4004 1962 4068 amisisse.
2054 4005 2421 4069 Literarum
2450 4025 2619 4081 vero,

714 4127 875 4190 quas
925 4127 1039 4170 rex
1090 4107 1283 4170 matri
1333 4129 1467 4171 suae
1517 4108 1880 4186 destinavit,
1930 4110 2395 4192 transcriptum
2445 4108 2622 4172 vobis

709 4209 1055 4274 mittimus.
1149 4209 1473 4294 Scriptum
1522 4232 1794 4295 quoque,
1839 4211 2011 4294 quod
2054 4212 2361 4294 magister
2401 4209 2620 4293 Hugo,

713 4299 981 4375 clericus
1022 4310 1283 4375 Ricardi
1321 4312 1402 4374 de
1438 4311 1800 4389 Ivelcestre,
1830 4312 2008 4376 vobis
2049 4311 2303 4389 direxit,
2333 4331 2447 4393 per
2488 4332 2619 4372 maf-

711 4433 875 4476 ¹num
905 4414 1125 4478 latoris
1141 4414 1569 4497 'praesentium
1596 4414 1934 4498 recipietis.
2008 4414 2188 4480 Quid
2216 4435 2365 4479 vero
2393 4413 2463 4476 in
2496 4412 2620 4476 col-
