3200 5392
601 981 736 1025 Am.
774 922 1168 1042 1161—892]
1271 980 1774 1024 LONDONIENsIs
1807 980 2160 1024 mlsroLAE.
2419 963 2503 1025 53

597 1097 937 1160 sententiis
1011 1096 1360 1175 dilatando,
1421 1118 1556 1161 non
1614 1097 1685 1160 in
1743 1097 2205 1180 expositionem
2264 1096 2499 1161 solum-

593 1198 805 1277 mod0,
838 1198 951 1263 sed
988 1199 1061 1261 in
1099 1204 1450 1263 tractatum
1492 1198 1927 1263 extenderem.
2018 1200 2102 1263 In
2132 1220 2259 1282 quo
2299 1199 2497 1262 animi

592 1301 1003 1366 insolentiam
1042 1302 1142 1365 tui
1180 1307 1355 1366 recte
1393 1302 1534 1385 quis
1572 1303 1987 1385 redargueret
2018 1327 2032 1366 z
2076 1302 2130 1365 si
2180 1323 2315 1367 non
2361 1324 2497 1366 om-

592 1405 703 1469 nia
740 1406 971 1470 caritas
1011 1410 1362 1469 excusaret.
1457 1404 1586 1469 Sed
1632 1406 1864 1469 amoris
1906 1405 2355 1470 indubitanter
2392 1427 2495 1469 ex-

589 1508 1026 1591 perimentum
1082 1515 1334 1591 reput0,
1395 1507 1568 1591 quod
1625 1514 1817 1571 tuum
1889 1508 2053 1572 mihi
2110 1507 2498 1572 desiderium

591 1608 993 1672 confidenter
1033 1609 1316 1691 exponis.
1411 1608 1638 1691 Sitque
1677 1607 1798 1672 tibi
1839 1609 2123 1674 caritatis
2162 1608 2493 1688 indicium,

590 1711 763 1794 quod
794 1732 994 1794 quum
1032 1711 1106 1774 in
1144 1717 1319 1774 terra
1356 1710 1595 1775 mentis
1628 1732 1793 1777 meae
1821 1710 2023 1774 fames
2051 1710 2228 1775 verbi
2256 1732 2495 1794 praeva-

589 1813 765 1892 leat3
804 1814 991 1897 panis
1033 1819 1254 1877 tamen
1298 1813 1367 1876 id
1411 1813 1738 1878 modicum
1779 1814 1950 1895 quod
1986 1819 2084 1878 est
2127 1834 2323 1896 penes
2364 1834 2491 1892 me,

589 1915 711 1980 tibi
757 1916 1235 1981 communicare
1292 1938 1429 1980 non
1486 1915 1737 1979 omitt0.
1827 1917 1915 1979 Et
1964 1915 2178 1979 fuerat
2227 1915 2493 1991 fortasse

586 2018 816 2083 melius
859 2018 1020 2081 mihi
1066 2039 1290 2101 pacem
1333 2038 1732 2100 comparasse
1776 2017 2054 2096 silenti0,
2098 2039 2293 2101 quam
2336 2017 2487 2082 scri-

590 2118 803 2182 bendo
851 2119 1178 2202 quippiam
1230 2120 1582 2193 multorum
1640 2140 1746 2182 me
1798 2119 2043 2203 judicio
2102 2117 2489 2183 submisisse.

596 2221 726 2284 Sed
767 2226 845 2284 tu
887 2228 954 2284 te
997 2220 1159 2284 mihi
1202 2221 1592 2293 monachum
1623 2220 1872 2298 exhibe,
1905 2227 1969 2284 et
2000 2219 2242 2284 orando
2273 2221 2491 2284 discri-

590 2344 745 2387 men
784 2344 1024 2402 amove,
1065 2323 1136 2386 in
1177 2323 1348 2406 quod
1386 2343 1492 2387 me
1523 2323 1663 2405 jam
1704 2323 1816 2386 diu
1856 2323 2251 2386 continuatae
2289 2322 2493 2404 precis

588 2425 900 2490 instantia
927 2425 1312 2510 pertraxisti.

1267 2529 1555 2592 Homilia
1569 2530 1809 2611 prima.
1946 2603 1952 2608 .

676 2631 798 2695 Isti
828 2637 982 2695 sunt
1014 2631 1158 2695 duae
1188 2631 1368 2696 olivae
1398 2638 1464 2713 et
1493 2629 1878 2694 candelabra
1908 2630 2018 2694 &c.

1235 2735 1514 2797 Homilia
1541 2733 1829 2797 secunda.

676 2836 832 2900 Post
870 2837 1066 2900 vitem
1103 2836 1392 2900 Paradisi
1431 2835 1597 2899 oliva
1634 2835 1921 2918 proxime
1961 2833 2347 2916 speculanda
2385 2854 2491 2897 oc-

589 2936 789 3003 currit
820 2939 930 3003 Suc.

1275 3041 1555 3104 Homilia
1585 3041 1794 3102 tertia.

676 3142 928 3207 Olivam
1001 3144 1071 3206 in
1143 3144 1437 3226 paradiso
1501 3143 1862 3225 plantatam
1922 3141 2303 3224 sapientiam
2363 3140 2489 3204 Dei

589 3265 726 3308 esse
756 3247 868 3308 &a

1255 3347 1538 3409 Homilia
1568 3351 1814 3425 quarta.

677 3450 761 3513 In
791 3448 1085 3533 paradiso
1114 3447 1241 3512 Dei
1268 3446 1434 3511 nihil
1463 3445 1726 3510 omnino
1754 3446 2054 3529 pulcrum
2082 3452 2196 3509 aut
2227 3445 2337 3508 Sco.

1263 3551 1541 3614 Homilia
1572 3550 1810 3631 quinta.

675 3659 797 3723 Isti
828 3664 982 3721 sunt
1012 3656 1155 3720 duae
1186 3656 1365 3720 olivae
1395 3661 1461 3718 et
1491 3652 1875 3718 candelabra
1906 3653 2016 3717 Sto.

1284 3756 1561 3819 Homilia
1589 3761 1790 3818 seoeta.

676 3862 977 3946 Sequitur
1007 3866 1158 3925 ante
1190 3859 1551 3922 Dominum
1580 3856 1872 3920 lucentia
1897 3858 2007 3918 Sto.

1240 3963 1518 4025 Homilia
1545 3960 1828 4041 septima.

602 4106 611 4110 -
678 4067 984 4150 Sequitur
1012 4071 1164 4130 ante
1195 4063 1554 4128 Dominum
1583 4061 1879 4145 quaedam
1906 4060 2127 4124 lucent
2158 4059 2269 4125 Sto.

1259 4166 1543 4229 Homilia
1574 4169 1816 4227 octava.

678 4271 944 4337 Habent
972 4278 1360 4355 potestatem
1389 4268 1687 4334 claudere
1718 4267 1955 4332 coelum
1983 4264 2269 4331 nubibus
2300 4268 2416 4328 Suc.

1296 4373 1576 4436 Homilia
1606 4391 1787 4434 nona.

676 4478 841 4542 Duae
872 4477 1076 4541 claves
1107 4476 1250 4541 coeli
1281 4482 1453 4554 sunt,
1488 4495 1645 4557 quas
1673 4480 1752 4536 ut
1780 4470 1966 4536 nobis
1998 4472 2114 4532 Sne.
