3200 5392
36 306 39 319 Ι

601 931 732 977 Λα).
770 916 1162 1003 1161-89.]
1262 938 1762 984 nonnomnnsus
1792 935 2145 984 amsi-om.
2388 915 2501 1010 ,28

596 1062 822 1122 tantus
861 1080 936 1124 ac
973 1061 1120 1126 talis
1159 1062 1283 1127 iste
1323 1083 1594 1147 sponsus
1635 1061 1718 1126 ad
1761 1082 2063 1146 sponsam
2094 1081 2276 1124 suam
2306 1079 2503 1123 vacua

597 1180 798 1225 manu
836 1161 1049 1227 veniet
1065 1165 1095 1226 ¹?
1184 1165 1635 1249 Nequaquam.
1728 1164 1856 1229 Sed
1903 1163 2203 1228 donativa
2248 1162 2501 1240 detulit,

599 1260 813 1328 delata
839 1267 1147 1350 erogavit.
1236 1267 1324 1332 Et
1353 1267 1505 1352 quia
1542 1267 1774 1333 hiemis
1814 1273 2104 1350 tempore
2142 1265 2337 1345 venit,
2367 1265 2503 1330 hie-

596 1365 797 1431 males
825 1375 1032 1434 vestes
1061 1368 1270 1454 primo
1299 1391 1550 1454 sponsae
1589 1391 1723 1435 suae
1762 1369 1960 1449 dedit,
1992 1368 2300 1453 agninam
2331 1367 2504 1431 vide-

595 1467 748 1534 licet
775 1470 1091 1554 pelliciam
1128 1479 1198 1536 et
1237 1493 1481 1556 capam,
1514 1473 1687 1556 quod
1715 1478 2064 1557 utrumque
2094 1472 2169 1536 fit
2201 1471 2281 1535 de
2311 1492 2500 1562 agno.

600 1571 731 1635 Sed
773 1573 1051 1639 alterum
1080 1576 1219 1640 sine
1249 1576 1467 1641 dolore
1496 1576 1649 1660 agni
1678 1575 1921 1640 scilicet
1962 1575 2133 1654 lana,
2165 1573 2245 1638 de
2275 1595 2403 1658 qua
2432 1574 2506 1637 fit

597 1695 775 1759 capa,
807 1678 1106 1758 sumitur,
1137 1680 1434 1759 alterum,
1464 1679 1759 1744 videlicet
1794 1678 1999 1763 pelliS,
2029 1677 2206 1742 unde
2234 1676 2504 1761 pellicia,

598 1777 839 1862 absque
869 1780 1086 1846 dolore
1116 1781 1294 1865 gravi
1323 1781 1405 1847 ab
1437 1803 1608 1866 agno
1635 1803 1771 1846 non
1801 1779 2130 1864 accipitur.
2216 1779 2504 1864 Sponsus

594 1880 720 1947 iste
758 1904 966 1967 agnus
1005 1892 1123 1964 est,
1165 1886 1331 1951 sicut
1375 1886 1695 1969 scriptura
1735 1890 2050 1950 testatur:
2100 1889 2119 1919 ‘
2138 1883 2344 1950 Quasi
2371 1882 2505 1947 ovis

598 1985 682 2049 ad
738 1987 1119 2053 occisionem
1182 1989 1419 2054 ductus
1479 1989 1620 2067 est,’
1680 1996 1747 2053 et
1806 1995 2057 2052 caetera.
2166 1987 2255 2050 Et
2313 1985 2503 2050 alibi:

600 2091 620 2121 ‘
637 2088 807 2177 Ecce
851 2111 1058 2172 agnus
1106 2091 1274 2170 Dei:
1319 2098 1387 2155 et
1433 2099 1685 2156 caetera.
1772 2092 2004 2174 Agnus
2050 2090 2174 2154 iste
2226 2089 2306 2154 de
2356 2089 2510 2153 lana

598 2210 718 2254 sua
763 2210 986 2273 capam
1039 2215 1286 2275 sponsae
1336 2194 1507 2271 fecit,
1557 2215 1759 2276 quum
1809 2193 2247 2256 humilitatem
2297 2191 2505 2255 verbis

599 2291 838 2372 docuit,
884 2295 1121 2371 dicens,
1169 2302 1187 2330 ‘
1210 2296 1454 2361 Discite
1504 2317 1543 2358 a
1581 2317 1707 2374 me,
1754 2296 1904 2379 quia
1944 2295 2119 2358 mitis
2160 2295 2345 2373 sum,'
2392 2295 2505 2358 &c

599 2394 929 2461 Pelliciam
959 2397 1158 2477 dedit,
1189 2420 1338 2463 cum
1371 2398 1659 2484 jejuniis,
1691 2404 1757 2462 et
1797 2397 2214 2476 orationibuS,
2246 2404 2312 2461 et
2347 2397 2504 2480 vigi-

596 2498 719 2578 liis,
752 2506 819 2564 et
859 2500 999 2565 aliis
1026 2502 1240 2566 carnis
1271 2523 1405 2566 suae
1433 2500 1887 2567 afflictionibus
1918 2500 2000 2565 ad
2031 2499 2333 2563 ultimum
2362 2522 2506 2583 pas-

597 2601 843 2666 sionem
887 2604 1092 2669 crucis
1135 2605 1693 2670 mortificationem
1740 2604 1952 2669 carnis
1997 2624 2245 2688 sponsae
2288 2610 2503 2669 osten-

596 2704 713 2768 dit.
821 2706 998 2790 Capa
1063 2706 1302 2791 itaque,
1365 2730 1492 2791 qua
1557 2707 1829 2771 indutus
1888 2713 2006 2785 est,
2066 2706 2502 2771 absconditur.

598 2807 933 2890 Significat
979 2809 1433 2889 humilitatem,
1473 2810 1626 2893 quia
1668 2810 1780 2894 qui
1825 2830 2061 2894 sponsa
2099 2809 2343 2874 Christi
2382 2816 2501 2888 est,

594 2912 828 2992 latitat,
878 2921 944 2979 et
991 2937 1029 2980 a
1076 2917 1291 2980 seculo
1337 2915 1633 2999 cognosci
1686 2915 1947 2998 refugit,
2000 2914 2378 2998 pelliciaque
2424 2913 2505 2977 de

595 3018 869 3081 mortuis
910 3019 1294 3084 animalibus
1332 3018 1505 3083 facta
1544 3017 2109 3082 mortificationem
2154 3017 2363 3081 carnis
2407 3016 2504 3080 in-

596 3120 832 3186 sinuat.
927 3120 1087 3186 Haec
1116 3129 1335 3187 autem
1365 3122 1595 3186 hiemis
1625 3128 1935 3204 tempore.
2025 3120 2320 3185 Paschali
2354 3141 2505 3185 vero

595 3229 885 3306 tempore
914 3225 1091 3289 dedit
1131 3226 1189 3290 ei
1231 3226 1569 3289 arminiam
1599 3225 1919 3307 pelliciam
1948 3224 2118 3288 circa
2147 3223 2408 3302 collum,
2440 3229 2506 3288 et

597 3325 763 3390 circa
800 3348 1050 3405 manua,
1078 3327 1295 3391 rubeis
1326 3328 1493 3410 gulis
1521 3335 1970 3411 praeparatam.
2060 3326 2324 3391 Pellicia
2364 3326 2504 3391 haec

598 3434 750 3492 sunt
781 3430 988 3493 sancti
1021 3430 1487 3512 praedicatores,
1521 3430 1652 3494 albi
1680 3438 1940 3514 propter
1966 3430 2503 3494 resurrectionem

596 3552 790 3615 quam
832 3532 904 3595 in
945 3533 1204 3597 Christo
1245 3533 1483 3597 factam
1530 3532 1948 3611 annuntiant,
1980 3539 2046 3596 et
2088 3533 2162 3595 in
2205 3553 2504 3616 sponsam

594 3634 881 3700 futuram
932 3635 1306 3719 praedicant.
1398 3636 1531 3702 Qui
1591 3657 1793 3720 quum
1844 3635 2209 3720 passionem
2262 3635 2506 3699 Christi

595 3739 1012 3819 annuntiant,
1071 3738 1341 3804 rubeam
1407 3741 1629 3823 gulam
1688 3740 1859 3803 circa
1915 3739 2151 3803 collum
2221 3745 2504 3822 portant.

598 3840 730 3906 Sed
771 3841 923 3924 quia
965 3842 1228 3926 quidam
1270 3842 1793 3927 praedicationem
1841 3841 2085 3905 Christi
2127 3841 2502 3924 praedicant,

595 3963 788 4026 quam
827 3943 1019 4008 corde
1056 3965 1192 4007 non
1231 3943 1545 4023 sentiunt,
1577 3944 1659 4008 de
1701 3943 1935 4027 quibus
1976 3944 2133 4008 dicit
2176 3944 2503 4027 apostolus

594 4044 856 4126 Paulus,
888 4051 908 4082 ‘
927 4045 1212 4112 Quidam
1245 4045 1651 4115 'annuntiant
1683 4047 2039 4126 Christum,
2081 4067 2217 4110 non
2259 4047 2503 4111 sincere

593 4149 1034 4215 existimantes
1062 4171 1131 4214 se
1160 4150 1467 4215 suscitare
1494 4151 1984 4216 tribulationem
2003 4149 2276 4215 vinculis
2304 4150 2502 4229 meis3

593 4258 846 4333 oportet
887 4258 965 4315 ut
1010 4252 1184 4336 quod
1227 4273 1337 4316 ore
1382 4252 1631 4331 dicunt,
1672 4252 1864 4317 corde
1909 4253 2239 4318 sentiant?
2327 4254 2504 4317 Nam

595 4354 812 4419 minus
843 4355 1145 4419 decenter
1173 4362 1404 4420 ornata
1442 4362 1632 4435 esset,
1664 4356 1718 4420 si
1758 4364 2018 4420 tantum
2060 4356 2230 4420 circa
2267 4355 2504 4420 collum

595 4465 661 4522 et
688 4480 824 4522 non
854 4480 1058 4541 usque
1098 4459 1179 4522 ad
1217 4466 1443 4543 pectus
1472 4459 1774 4524 decentes
1805 4459 1989 4543 gulas
2028 4457 2276 4541 pellicia
2303 4456 2498 4520 habe-

592 4567 713 4625 ret.
806 4561 992 4625 Circa
1019 4583 1250 4626 manus
1290 4557 1486 4626 etiam
1525 4560 1973 4647 praedicatores
2014 4560 2195 4643 gulas
2234 4558 2498 4636 habent,
